day,timestamp,product,bid_price_1,bid_volume_1,bid_price_2,bid_volume_2,bid_price_3,bid_volume_3,ask_price_1,ask_volume_1,ask_price_2,ask_volume_2,ask_price_3,ask_volume_3,mid_price,profit_and_loss
1,0,SQUID_INK,1834,23,,,,,1838,23,,,,,1836,0
1,0,RAINFOREST_RESIN,9998,9,9995,23,,,10005,23,,,,,10001.5,0
1,0,KELP,2032,23,,,,,2035,23,,,,,2033.5,0
1,100,KELP,2034,1,2033,2,2032,22,2035,22,,,,,2034.5,0
1,100,SQUID_INK,1837,1,1836,2,1835,22,1839,22,,,,,1838,0
1,100,RAINFOREST_RESIN,10002,1,10000,2,9998,4,10004,1,10005,21,,,10003,0
1,200,RAINFOREST_RESIN,9996,1,9995,21,,,10004,1,10005,21,,,10000,2
1,200,KELP,2032,22,,,,,2035,22,,,,,2033.5,0.631713867
1,200,SQUID_INK,1832,22,,,,,1835,22,,,,,1833.5,3.1796875
1,300,KELP,2034,1,2032,26,,,2035,26,,,,,2034.5,1.344970703
1,300,SQUID_INK,1836,1,1834,26,,,1837,26,,,,,1836.5,0.262451172
1,300,RAINFOREST_RESIN,9995,26,,,,,10005,26,,,,,10000,2
1,400,SQUID_INK,1833,28,,,,,1836,28,,,,,1834.5,4.096191406
1,400,RAINFOREST_RESIN,9998,8,9996,2,9995,26,10004,2,10005,26,,,10001,2
1,400,KELP,2032,28,,,,,2035,28,,,,,2033.5,1.987304688
1,500,KELP,2032,24,,,,,2034,3,2035,24,,,2033,1.897460938
1,500,SQUID_INK,1834,24,,,,,1836,3,1837,24,,,1835,0.960449219
1,500,RAINFOREST_RESIN,9998,8,9996,1,9995,23,10004,1,10005,23,,,10001,2
1,600,RAINFOREST_RESIN,9996,2,9995,28,,,10004,2,10005,28,,,10000,2
1,600,KELP,2033,5,2032,30,,,2035,30,,,,,2034,0
1,600,SQUID_INK,1834,5,1832,30,,,1835,30,,,,,1834.5,-1
1,700,KELP,2032,22,,,,,2035,23,,,,,2033.5,2.849609375
1,700,SQUID_INK,1834,22,,,,,1837,1,1838,22,,,1835.5,30.21289063
1,700,RAINFOREST_RESIN,9996,1,9995,22,,,10004,1,10005,22,,,10000,2
1,800,SQUID_INK,1836,25,,,,,1837,3,1839,25,,,1836.5,43.71484375
1,800,RAINFOREST_RESIN,9996,1,9995,24,,,10000,3,10004,1,10005,24,9998,2
1,800,KELP,2032,25,,,,,2033,3,2035,25,,,2032.5,2.306640625
1,900,SQUID_INK,1840,21,,,,,1843,21,,,,,1841.5,100.3183594
1,900,KELP,2031,21,,,,,2035,21,,,,,2033,0.703125
1,900,RAINFOREST_RESIN,9996,1,9995,20,,,9998,11,10004,1,10005,20,9997,2
1,1000,RAINFOREST_RESIN,9996,1,9995,30,,,10004,1,10005,30,,,10000,24
1,1000,KELP,2032,31,,,,,2035,31,,,,,2033.5,14.50634766
1,1000,SQUID_INK,1841,31,,,,,1844,31,,,,,1842.5,106.8476563
1,1100,SQUID_INK,1840,22,,,,,1843,22,,,,,1841.5,100.1835938
1,1100,KELP,2032,22,,,,,2035,22,,,,,2033.5,14.54614258
1,1100,RAINFOREST_RESIN,9996,1,9995,21,,,10002,6,10004,1,10005,21,9999,24
1,1200,SQUID_INK,1839,22,,,,,1842,23,,,,,1840.5,87.25
1,1200,RAINFOREST_RESIN,9996,1,9995,22,,,10004,1,10005,22,,,10000,24
1,1200,KELP,2031,23,,,,,2032,1,2035,23,,,2031.5,14.77050781
1,1300,SQUID_INK,1840,25,,,,,1843,25,,,,,1841.5,97.765625
1,1300,KELP,2031,25,,,,,2035,25,,,,,2033,15.82409668
1,1300,RAINFOREST_RESIN,10002,1,9995,25,,,10005,25,,,,,10003.5,24
1,1400,RAINFOREST_RESIN,9995,23,,,,,10000,6,10005,23,,,9997.5,26
1,1400,KELP,2031,23,,,,,2033,6,2035,23,,,2032,15.83337402
1,1400,SQUID_INK,1841,23,,,,,1842,6,1844,23,,,1841.5,110.4726563
1,1500,SQUID_INK,1844,1,1842,21,,,1845,21,,,,,1844.5,134.6210938
1,1500,KELP,2034,1,2032,1,2031,20,2035,21,,,,,2034.5,17.08300781
1,1500,RAINFOREST_RESIN,9996,1,9995,20,,,9998,4,10004,1,10005,20,9997,26
1,1600,SQUID_INK,1844,2,1843,28,,,1847,30,,,,,1845.5,162.8320313
1,1600,RAINFOREST_RESIN,9996,2,9995,28,,,10004,2,10005,28,,,10000,34
1,1600,KELP,2032,30,,,,,2035,30,,,,,2033.5,18.22900391
1,1700,SQUID_INK,1841,28,,,,,1843,8,1844,28,,,1842,118.8984375
1,1700,KELP,2032,28,,,,,2034,8,2035,28,,,2033,18.30908203
1,1700,RAINFOREST_RESIN,9995,28,,,,,10005,28,,,,,10000,34
1,1800,RAINFOREST_RESIN,10000,4,9995,23,,,10002,10,10005,23,,,10001,34
1,1800,KELP,2033,4,2032,23,,,2035,23,,,,,2034,11.70898438
1,1800,SQUID_INK,1843,4,1841,23,,,1845,23,,,,,1844,126.5390625
1,1900,KELP,2032,31,,,,,2035,32,,,,,2033.5,12.30859375
1,1900,SQUID_INK,1844,32,,,,,1845,1,1847,2,1848,30,1844.5,166.2753906
1,1900,RAINFOREST_RESIN,9996,2,9995,30,,,10004,2,10005,30,,,10000,34
1,2000,KELP,2032,23,,,,,2035,23,,,,,2033.5,12.56054688
1,2000,SQUID_INK,1846,23,,,,,1849,23,,,,,1847.5,195.3398438
1,2000,RAINFOREST_RESIN,9996,2,9995,21,,,10004,2,10005,21,,,10000,34
1,2100,SQUID_INK,1845,28,,,,,1847,5,1848,2,1849,26,1846,182.2695313
1,2100,RAINFOREST_RESIN,9996,2,9995,26,,,10004,2,10005,26,,,10000,34
1,2100,KELP,2032,2,2031,26,,,2034,5,2035,28,,,2033,11.46289063
1,2200,RAINFOREST_RESIN,9996,1,9995,20,,,9998,4,10004,1,10005,20,9997,34
1,2200,KELP,2032,25,,,,,2035,21,,,,,2033.5,11.83203125
1,2200,SQUID_INK,1846,25,,,,,1849,21,,,,,1847.5,195.765625
1,2300,KELP,2032,7,2031,22,,,2035,24,,,,,2033.5,11.59765625
1,2300,SQUID_INK,1848,7,1847,22,,,1851,24,,,,,1849.5,224.2265625
1,2300,RAINFOREST_RESIN,9996,2,9995,22,,,10004,2,10005,22,,,10000,42
1,2400,KELP,2031,22,,,,,2035,22,,,,,2033,10.3828125
1,2400,SQUID_INK,1846,22,,,,,1849,22,,,,,1847.5,195.3789063
1,2400,RAINFOREST_RESIN,9996,2,9995,20,,,10004,2,10005,20,,,10000,42
1,2500,SQUID_INK,1847,2,1846,21,,,1850,23,,,,,1848.5,204.9804688
1,2500,RAINFOREST_RESIN,9998,3,9996,2,9995,21,10004,2,10005,21,,,10001,42
1,2500,KELP,2032,2,2031,21,,,2035,23,,,,,2033.5,11.35351563
1,2600,RAINFOREST_RESIN,10002,1,9996,1,9995,29,10004,1,10005,29,,,10003,42
1,2600,KELP,2032,1,2031,29,,,2035,30,,,,,2033.5,10.50585938
1,2600,SQUID_INK,1849,30,,,,,1852,30,,,,,1850.5,250.125
1,2700,KELP,2032,9,2031,21,,,2035,23,,,,,2033.5,11.49609375
1,2700,SQUID_INK,1848,30,,,,,1851,23,,,,,1849.5,232.328125
1,2700,RAINFOREST_RESIN,9998,7,9996,2,9995,21,10004,2,10005,21,,,10001,44
1,2800,KELP,2031,27,,,,,2035,27,,,,,2033,10.40039063
1,2800,SQUID_INK,1849,27,,,,,1852,27,,,,,1850.5,252.0078125
1,2800,RAINFOREST_RESIN,9995,27,,,,,10005,27,,,,,10000,44
1,2900,SQUID_INK,1848,22,,,,,1851,22,,,,,1849.5,237.78125
1,2900,RAINFOREST_RESIN,9996,2,9995,20,,,10004,2,10005,20,,,10000,44
1,2900,KELP,2031,22,,,,,2035,22,,,,,2033,10.27929688
1,3000,RAINFOREST_RESIN,9996,1,9995,29,,,10004,1,10005,29,,,10000,44
1,3000,KELP,2034,1,2032,6,2031,29,2035,30,,,,,2034.5,11.0078125
1,3000,SQUID_INK,1850,1,1848,35,,,1851,30,,,,,1850.5,230.5546875
1,3100,KELP,2032,28,,,,,2035,28,,,,,2033.5,13.38867188
1,3100,SQUID_INK,1848,28,,,,,1851,28,,,,,1849.5,236.3515625
1,3100,RAINFOREST_RESIN,9998,5,9996,1,9995,27,10004,1,10005,27,,,10001,44
1,3200,KELP,2032,24,,,,,2033,5,2035,24,,,2032.5,13.38476563
1,3200,SQUID_INK,1848,24,,,,,1849,5,1851,24,,,1848.5,239.6796875
1,3200,RAINFOREST_RESIN,10002,2,9995,24,,,10005,24,,,,,10003.5,44
1,3300,SQUID_INK,1849,25,,,,,1852,25,,,,,1850.5,266.1953125
1,3300,RAINFOREST_RESIN,10002,1,9996,1,9995,24,10004,1,10005,24,,,10003,48
1,3300,KELP,2032,25,,,,,2035,25,,,,,2033.5,14.92382813
1,3400,RAINFOREST_RESIN,9998,10,9996,2,9995,27,10004,2,10005,27,,,10001,50
1,3400,KELP,2032,29,,,,,2035,29,,,,,2033.5,21.57421875
1,3400,SQUID_INK,1849,2,1848,27,,,1852,29,,,,,1850.5,248.8632813
1,3500,KELP,2032,26,,,,,2035,26,,,,,2033.5,20.00195313
1,3500,SQUID_INK,1850,26,,,,,1853,26,,,,,1851.5,276.9648438
1,3500,RAINFOREST_RESIN,9995,26,,,,,10002,10,10005,26,,,9998.5,50
1,3600,KELP,2032,27,,,,,2035,27,,,,,2033.5,19.34570313
1,3600,SQUID_INK,1850,27,,,,,1853,27,,,,,1851.5,281.4179688
1,3600,RAINFOREST_RESIN,9995,27,,,,,10002,8,10005,27,,,9998.5,50
1,3700,SQUID_INK,1851,25,,,,,1854,25,,,,,1852.5,301.2773438
1,3700,RAINFOREST_RESIN,9998,3,9995,25,,,10005,25,,,,,10001.5,50
1,3700,KELP,2032,25,,,,,2035,25,,,,,2033.5,20.48046875
1,3800,RAINFOREST_RESIN,9995,24,,,,,10005,24,,,,,10000,50
1,3800,KELP,2032,24,,,,,2034,7,2035,24,,,2033,21.44921875
1,3800,SQUID_INK,1853,24,,,,,1854,7,1856,24,,,1853.5,348.9765625
1,3900,KELP,2032,27,,,,,2035,26,,,,,2033.5,18.296875
1,3900,SQUID_INK,1852,27,,,,,1855,26,,,,,1853.5,320.265625
1,3900,RAINFOREST_RESIN,9996,2,9995,24,,,10004,2,10005,24,,,10000,50
1,4000,KELP,2032,30,,,,,2035,31,,,,,2033.5,19.92578125
1,4000,SQUID_INK,1854,30,,,,,1857,31,,,,,1855.5,388.9609375
1,4000,RAINFOREST_RESIN,10002,1,9996,1,9995,30,10004,1,10005,30,,,10003,50
1,4100,RAINFOREST_RESIN,10000,5,9996,2,9995,22,10002,4,10004,2,10005,22,10001,52
1,4100,SQUID_INK,1855,5,1854,2,1853,22,1857,24,,,,,1856,376.0742188
1,4100,KELP,2033,5,2032,24,,,2035,24,,,,,2034,16.2109375
1,4200,RAINFOREST_RESIN,10002,5,9996,1,9995,28,10004,1,10005,28,,,10003,52
1,4200,KELP,2032,29,,,,,2034,7,2035,29,,,2033,14.09375
1,4200,SQUID_INK,1854,29,,,,,1856,7,1857,29,,,1855,387.6328125
1,4300,KELP,2032,24,,,,,2035,26,,,,,2033.5,11.37890625
1,4300,RAINFOREST_RESIN,9995,26,,,,,10002,8,10005,26,,,9998.5,62
1,4300,SQUID_INK,1854,24,,,,,1857,26,,,,,1855.5,382.3242188
1,4400,KELP,2032,28,,,,,2035,28,,,,,2033.5,12.28515625
1,4400,SQUID_INK,1853,28,,,,,1856,28,,,,,1854.5,360.09375
1,4400,RAINFOREST_RESIN,9995,28,,,,,10005,28,,,,,10000,62
1,4500,RAINFOREST_RESIN,9995,26,,,,,10005,26,,,,,10000,62
1,4500,SQUID_INK,1853,26,,,,,1854,8,1856,26,,,1853.5,352.8359375
1,4500,KELP,2032,26,,,,,2034,8,2035,26,,,2033,11.98828125
1,4600,RAINFOREST_RESIN,9995,21,,,,,10005,21,,,,,10000,62
1,4600,KELP,2032,21,,,,,2034,3,2035,21,,,2033,12.63671875
1,4600,SQUID_INK,1857,21,,,,,1858,3,1860,21,,,1857.5,458.5429688
1,4700,KELP,2032,26,,,,,2035,26,,,,,2033.5,13.86328125
1,4700,RAINFOREST_RESIN,9998,5,9995,26,,,10005,26,,,,,10001.5,62
1,4700,SQUID_INK,1855,26,,,,,1858,26,,,,,1856.5,406.71875
1,4800,KELP,2034,1,2032,30,,,2035,23,,,,,2034.5,13.55859375
1,4800,SQUID_INK,1861,1,1860,7,1859,23,1863,23,,,,,1862,530.3945313
1,4800,RAINFOREST_RESIN,9996,1,9995,22,,,10004,1,10005,22,,,10000,62
1,4900,RAINFOREST_RESIN,9996,2,9995,22,,,10004,2,10005,22,,,10000,62
1,4900,SQUID_INK,1857,24,,,,,1859,6,1860,2,1861,22,1858,478.5078125
1,4900,KELP,2032,24,,,,,2034,6,2035,24,,,2033,14.8515625
1,5000,RAINFOREST_RESIN,9998,9,9996,1,9995,30,10004,1,10005,30,,,10001,62
1,5000,KELP,2032,36,,,,,2035,31,,,,,2033.5,14.84375
1,5000,SQUID_INK,1860,6,1859,30,,,1863,31,,,,,1861.5,543.859375
1,5100,KELP,2032,26,,,,,2035,26,,,,,2033.5,14.8359375
1,5100,RAINFOREST_RESIN,9995,26,,,,,10005,26,,,,,10000,62
1,5100,SQUID_INK,1859,26,,,,,1862,26,,,,,1860.5,521.4882813
1,5200,SQUID_INK,1859,11,1858,25,,,1861,25,,,,,1860,507.1914063
1,5200,KELP,2033,5,2032,31,,,2035,25,,,,,2034,14.8359375
1,5200,RAINFOREST_RESIN,10000,5,9998,7,9996,2,10004,2,10005,23,,,10002,62
1,5300,RAINFOREST_RESIN,9995,22,,,,,9998,12,10005,22,,,9996.5,62
1,5300,SQUID_INK,1857,22,,,,,1860,22,,,,,1858.5,461.8632813
1,5300,KELP,2032,22,,,,,2035,22,,,,,2033.5,17.640625
1,5400,RAINFOREST_RESIN,9995,30,,,,,10005,30,,,,,10000,86
1,5400,SQUID_INK,1857,30,,,,,1860,30,,,,,1858.5,457.7695313
1,5400,KELP,2032,30,,,,,2035,30,,,,,2033.5,18.9921875
1,5500,KELP,2032,21,,,,,2035,29,,,,,2033.5,16.3671875
1,5500,RAINFOREST_RESIN,9996,1,9995,28,,,10004,1,10005,28,,,10000,90
1,5500,SQUID_INK,1858,29,,,,,1859,8,1862,29,,,1858.5,510.9804688
1,5600,SQUID_INK,1859,25,,,,,1862,25,,,,,1860.5,532.6328125
1,5600,KELP,2032,25,,,,,2035,25,,,,,2033.5,17.34765625
1,5600,RAINFOREST_RESIN,9998,2,9996,2,9995,23,10004,2,10005,23,,,10001,94
1,5700,RAINFOREST_RESIN,9996,1,9995,30,,,10004,1,10005,30,,,10000,94
1,5700,SQUID_INK,1859,4,1858,30,,,1862,31,,,,,1860.5,520.2109375
1,5700,KELP,2032,34,,,,,2035,31,,,,,2033.5,19.6015625
1,5800,RAINFOREST_RESIN,9996,2,9995,28,,,10004,2,10005,28,,,10000,94
1,5800,SQUID_INK,1858,30,,,,,1861,30,,,,,1859.5,512.8515625
1,5800,KELP,2032,30,,,,,2035,30,,,,,2033.5,18.609375
1,5900,KELP,2032,23,,,,,2035,23,,,,,2033.5,19.2734375
1,5900,RAINFOREST_RESIN,9996,2,9995,21,,,10004,2,10005,21,,,10000,94
1,5900,SQUID_INK,1857,23,,,,,1860,23,,,,,1858.5,472.3125
1,6000,SQUID_INK,1859,30,,,,,1862,30,,,,,1860.5,527.234375
1,6000,KELP,2032,30,,,,,2035,30,,,,,2033.5,21.2109375
1,6000,RAINFOREST_RESIN,9995,30,,,,,10002,10,10005,30,,,9998.5,94
1,6100,RAINFOREST_RESIN,9996,1,9995,24,,,10004,1,10005,24,,,10000,94
1,6100,SQUID_INK,1859,25,,,,,1862,25,,,,,1860.5,525
1,6100,KELP,2032,25,,,,,2035,25,,,,,2033.5,14.06640625
1,6200,RAINFOREST_RESIN,9998,3,9996,1,9995,29,10004,1,10005,29,,,10001,94
1,6200,SQUID_INK,1861,1,1859,30,,,1862,30,,,,,1861.5,541.84375
1,6200,KELP,2034,1,2032,30,,,2035,30,,,,,2034.5,17.96875
1,6300,KELP,2032,22,,,,,2035,22,,,,,2033.5,19.6015625
1,6300,RAINFOREST_RESIN,9995,22,,,,,10005,22,,,,,10000,94
1,6300,SQUID_INK,1859,22,,,,,1862,22,,,,,1860.5,544.890625
1,6400,SQUID_INK,1858,24,,,,,1862,24,,,,,1860,530.8671875
1,6400,KELP,2032,24,,,,,2035,24,,,,,2033.5,22.875
1,6400,RAINFOREST_RESIN,9996,1,9995,23,,,10002,6,10004,1,10005,23,9999,94
1,6500,RAINFOREST_RESIN,9995,22,,,,,10005,22,,,,,10000,94
1,6500,SQUID_INK,1859,22,,,,,1862,22,,,,,1860.5,552.2890625
1,6500,KELP,2032,22,,,,,2035,22,,,,,2033.5,22.875
1,6600,RAINFOREST_RESIN,9996,2,9995,27,,,10004,2,10005,27,,,10000,94
1,6600,SQUID_INK,1860,22,,,,,1863,29,,,,,1861.5,571.2539063
1,6600,KELP,2032,22,,,,,2035,29,,,,,2033.5,25.09375
1,6700,KELP,2032,31,,,,,2034,7,2035,1,2036,30,2033,25.953125
1,6700,RAINFOREST_RESIN,9996,1,9995,30,,,10004,1,10005,30,,,10000,94
1,6700,SQUID_INK,1859,31,,,,,1861,7,1862,31,,,1860,548.578125
1,6800,SQUID_INK,1860,4,1859,31,,,1862,2,1863,29,,,1861,554.3046875
1,6800,KELP,2033,4,2032,31,,,2035,31,,,,,2034,22.3359375
1,6800,RAINFOREST_RESIN,10000,5,9996,2,9995,29,10004,2,10005,29,,,10002,94
1,6900,RAINFOREST_RESIN,9996,2,9995,27,,,10004,2,10005,27,,,10000,94
1,6900,SQUID_INK,1860,29,,,,,1862,3,1863,29,,,1861,567.0234375
1,6900,KELP,2032,29,,,,,2034,3,2035,29,,,2033,22.5703125
1,7000,RAINFOREST_RESIN,9996,1,9995,30,,,10004,1,10005,30,,,10000,94
1,7000,SQUID_INK,1860,7,1859,31,,,1863,31,,,,,1861.5,556.9023438
1,7000,KELP,2032,38,,,,,2035,31,,,,,2033.5,22.5546875
1,7100,KELP,2032,31,,,,,2035,31,,,,,2033.5,23.32421875
1,7100,RAINFOREST_RESIN,9996,1,9995,30,,,9998,5,10002,7,10004,1,9997,94
1,7100,SQUID_INK,1860,31,,,,,1863,31,,,,,1861.5,573.6875
1,7200,SQUID_INK,1859,29,,,,,1862,23,,,,,1860.5,534.890625
1,7200,KELP,2032,29,,,,,2035,23,,,,,2033.5,22.48046875
1,7200,RAINFOREST_RESIN,9996,1,9995,22,,,10002,1,10004,1,10005,22,9999,104
1,7300,RAINFOREST_RESIN,9996,1,9995,25,,,10004,1,10005,25,,,10000,128
1,7300,SQUID_INK,1858,26,,,,,1861,26,,,,,1859.5,524.7304688
1,7300,KELP,2032,26,,,,,2035,26,,,,,2033.5,23.83203125
1,7400,RAINFOREST_RESIN,10002,1,9995,22,,,10005,22,,,,,10003.5,128
1,7400,SQUID_INK,1859,22,,,,,1862,22,,,,,1860.5,536.4960938
1,7400,KELP,2032,22,,,,,2035,22,,,,,2033.5,22.734375
1,7500,KELP,2032,29,,,,,2034,3,2035,29,,,2033,25.24804688
1,7500,RAINFOREST_RESIN,9995,29,,,,,10005,29,,,,,10000,130
1,7500,SQUID_INK,1858,29,,,,,1860,3,1862,29,,,1859,542.9101563
1,7600,SQUID_INK,1859,27,,,,,1862,27,,,,,1860.5,549.6679688
1,7600,KELP,2032,27,,,,,2035,27,,,,,2033.5,25.0859375
1,7600,RAINFOREST_RESIN,10002,1,9995,27,,,10005,27,,,,,10003.5,130
1,7700,RAINFOREST_RESIN,9996,1,9995,25,,,10002,5,10004,1,10005,25,9999,132
1,7700,SQUID_INK,1858,26,,,,,1861,1,1862,25,,,1859.5,542.7558594
1,7700,KELP,2032,26,,,,,2035,26,,,,,2033.5,25.08203125
1,7800,RAINFOREST_RESIN,9995,23,,,,,10005,23,,,,,10000,132
1,7800,SQUID_INK,1859,1,1858,23,,,1861,23,,,,,1860,541.9980469
1,7800,KELP,2032,24,,,,,2035,23,,,,,2033.5,25.41015625
1,7900,KELP,2032,24,,,,,2035,24,,,,,2033.5,24.7265625
1,7900,RAINFOREST_RESIN,9996,2,9995,22,,,10002,7,10004,2,10005,22,9999,132
1,7900,SQUID_INK,1858,2,1857,22,,,1861,24,,,,,1859.5,528.4648438
1,8000,SQUID_INK,1858,1,1857,3,1856,30,1859,30,,,,,1858.5,499.703125
1,8000,KELP,2034,1,2033,3,2032,30,2035,30,,,,,2034.5,25.48046875
1,8000,RAINFOREST_RESIN,10000,3,9996,2,9995,28,10004,2,10005,28,,,10002,132
1,8100,SQUID_INK,1858,25,,,,,1861,25,,,,,1859.5,532.2402344
1,8100,KELP,2032,25,,,,,2035,25,,,,,2033.5,23.28710938
1,8100,RAINFOREST_RESIN,9995,25,,,,,10005,25,,,,,10000,132
1,8200,SQUID_INK,1857,27,,,,,1860,27,,,,,1858.5,524.2246094
1,8200,RAINFOREST_RESIN,9996,2,9995,25,,,10004,2,10005,25,,,10000,132
1,8200,KELP,2032,27,,,,,2035,27,,,,,2033.5,23.1328125
1,8300,KELP,2032,28,,,,,2035,28,,,,,2033.5,25.08203125
1,8300,RAINFOREST_RESIN,9998,9,9995,28,,,10005,28,,,,,10001.5,132
1,8300,SQUID_INK,1857,28,,,,,1860,28,,,,,1858.5,514.4042969
1,8400,SQUID_INK,1857,29,,,,,1860,29,,,,,1858.5,514.0410156
1,8400,RAINFOREST_RESIN,9998,5,9995,29,,,10005,29,,,,,10001.5,132
1,8400,KELP,2032,29,,,,,2035,29,,,,,2033.5,26.79296875
1,8500,SQUID_INK,1858,35,,,,,1861,27,,,,,1859.5,530.2695313
1,8500,KELP,2032,35,,,,,2035,27,,,,,2033.5,27.125
1,8500,RAINFOREST_RESIN,9996,2,9995,25,,,10004,2,10005,25,,,10000,132
1,8600,SQUID_INK,1857,29,,,,,1860,29,,,,,1858.5,524.5097656
1,8600,RAINFOREST_RESIN,9996,2,9995,27,,,10004,2,10005,27,,,10000,132
1,8600,KELP,2032,29,,,,,2035,29,,,,,2033.5,26.95703125
1,8700,KELP,2034,1,2032,32,,,2035,24,,,,,2034.5,26.95703125
1,8700,SQUID_INK,1858,1,1857,8,1856,24,1859,2,1860,22,,,1858.5,511.5488281
1,8700,RAINFOREST_RESIN,9996,2,9995,22,,,10004,2,10005,22,,,10000,132
1,8800,RAINFOREST_RESIN,9996,1,9995,30,,,10004,1,10005,30,,,10000,132
1,8800,KELP,2032,31,,,,,2035,1,2036,30,,,2033.5,28.171875
1,8800,SQUID_INK,1857,31,,,,,1860,31,,,,,1858.5,519.5292969
1,8900,KELP,2032,28,,,,,2036,26,,,,,2034,28.0078125
1,8900,SQUID_INK,1856,28,,,,,1859,26,,,,,1857.5,506.5585938
1,8900,RAINFOREST_RESIN,9995,26,,,,,10005,26,,,,,10000,132
1,9000,SQUID_INK,1856,23,,,,,1859,23,,,,,1857.5,508.9101563
1,9000,RAINFOREST_RESIN,9995,23,,,,,10005,23,,,,,10000,132
1,9000,KELP,2032,23,,,,,2036,23,,,,,2034,28.33984375
1,9100,KELP,2033,5,2032,22,,,2036,22,,,,,2034.5,29.27734375
1,9100,SQUID_INK,1855,27,,,,,1858,22,,,,,1856.5,489.3085938
1,9100,RAINFOREST_RESIN,9995,22,,,,,9998,1,10005,22,,,9996.5,132
1,9200,RAINFOREST_RESIN,9996,2,9995,25,,,10004,2,10005,25,,,10000,178
1,9200,KELP,2033,3,2032,27,,,2036,27,,,,,2034.5,29.15234375
1,9200,SQUID_INK,1855,30,,,,,1858,27,,,,,1856.5,492.1835938
1,9300,KELP,2032,30,,,,,2036,30,,,,,2034,30.59960938
1,9300,SQUID_INK,1854,30,,,,,1857,30,,,,,1855.5,473.9726563
1,9300,RAINFOREST_RESIN,10002,11,9998,1,9996,1,10004,1,10005,29,,,10003,178
1,9400,SQUID_INK,1855,33,,,,,1858,30,,,,,1856.5,487.9589844
1,9400,RAINFOREST_RESIN,10002,1,9996,2,9995,28,10004,2,10005,28,,,10003,200
1,9400,KELP,2033,3,2032,30,,,2036,30,,,,,2034.5,30.75585938
1,9500,KELP,2032,26,,,,,2036,26,,,,,2034,30.8828125
1,9500,SQUID_INK,1853,26,,,,,1856,26,,,,,1854.5,461.6074219
1,9500,RAINFOREST_RESIN,10002,1,9996,2,9995,24,10004,2,10005,24,,,10003,202
1,9600,RAINFOREST_RESIN,9996,1,9995,20,,,10002,6,10004,1,10005,20,9999,204
1,9600,KELP,2032,21,,,,,2036,21,,,,,2034,30.08007813
1,9600,SQUID_INK,1855,21,,,,,1858,21,,,,,1856.5,488.21875
1,9700,SQUID_INK,1855,31,,,,,1856,5,1857,5,1858,31,1855.5,491.09375
1,9700,KELP,2032,31,,,,,2034,10,2036,31,,,2033,31.6796875
1,9700,RAINFOREST_RESIN,9996,1,9995,30,,,10000,4,10004,1,10005,30,9998,204
1,9800,SQUID_INK,1855,26,,,,,1858,26,,,,,1856.5,494.0195313
1,9800,RAINFOREST_RESIN,9998,1,9996,2,9995,24,10004,2,10005,24,,,10001,204
1,9800,KELP,2032,26,,,,,2036,26,,,,,2034,31.2890625
1,9900,SQUID_INK,1858,24,,,,,1861,24,,,,,1859.5,555.53125
1,9900,KELP,2032,24,,,,,2036,24,,,,,2034,32.6484375
1,9900,RAINFOREST_RESIN,9995,24,,,,,10005,24,,,,,10000,204
1,10000,RAINFOREST_RESIN,9995,27,,,,,10005,27,,,,,10000,204
1,10000,KELP,2032,27,,,,,2036,27,,,,,2034,36.37109375
1,10000,SQUID_INK,1856,27,,,,,1859,27,,,,,1857.5,516.953125
1,10100,SQUID_INK,1857,21,,,,,1859,5,1860,21,,,1858,535.5507813
1,10100,KELP,2033,21,,,,,2035,5,2036,21,,,2034,38.28125
1,10100,RAINFOREST_RESIN,10002,4,9996,1,9995,20,10004,1,10005,20,,,10003,204
1,10200,SQUID_INK,1857,20,,,,,1860,20,,,,,1858.5,537.7109375
1,10200,RAINFOREST_RESIN,9995,20,,,,,10005,20,,,,,10000,212
1,10200,KELP,2033,20,,,,,2036,20,,,,,2034.5,36.796875
1,10300,SQUID_INK,1858,30,,,,,1861,25,,,,,1859.5,546.03125
1,10300,KELP,2033,30,,,,,2036,25,,,,,2034.5,37.83203125
1,10300,RAINFOREST_RESIN,9996,1,9995,24,,,10004,1,10005,24,,,10000,212
1,10400,RAINFOREST_RESIN,9995,25,,,,,10005,25,,,,,10000,212
1,10400,KELP,2033,25,,,,,2036,25,,,,,2034.5,40.609375
1,10400,SQUID_INK,1856,25,,,,,1859,25,,,,,1857.5,521.546875
1,10500,SQUID_INK,1856,34,,,,,1859,26,,,,,1857.5,517.5507813
1,10500,KELP,2033,34,,,,,2036,26,,,,,2034.5,40.12109375
1,10500,RAINFOREST_RESIN,9995,26,,,,,10005,26,,,,,10000,212
1,10600,SQUID_INK,1858,3,1856,20,,,1859,20,,,,,1858.5,518.0429688
1,10600,RAINFOREST_RESIN,9995,20,,,,,10005,20,,,,,10000,212
1,10600,KELP,2035,3,2033,20,,,2036,20,,,,,2035.5,40.3828125
1,10700,SQUID_INK,1857,31,,,,,1860,24,,,,,1858.5,530.1640625
1,10700,KELP,2033,31,,,,,2036,24,,,,,2034.5,43.2734375
1,10700,RAINFOREST_RESIN,9995,24,,,,,9998,3,10005,24,,,9996.5,212
1,10800,RAINFOREST_RESIN,9995,23,,,,,10002,1,10005,23,,,9998.5,218
1,10800,KELP,2033,29,,,,,2036,23,,,,,2034.5,42.40234375
1,10800,SQUID_INK,1857,6,1856,23,,,1859,23,,,,,1858,520.875
1,10900,KELP,2033,23,,,,,2034,6,2036,23,,,2033.5,46.0625
1,10900,SQUID_INK,1860,1,1859,22,,,1861,6,1863,23,,,1860.5,596.9960938
1,10900,RAINFOREST_RESIN,9996,1,9995,22,,,10000,6,10004,1,10005,22,9998,218
1,11000,KELP,2033,27,,,,,2035,2,2036,27,,,2034,45.0390625
1,11000,SQUID_INK,1864,1,1863,26,,,1865,2,1867,27,,,1864.5,711.0625
1,11000,RAINFOREST_RESIN,9996,1,9995,26,,,10004,1,10005,26,,,10000,218
1,11100,SQUID_INK,1864,32,,,,,1867,31,,,,,1865.5,717.0078125
1,11100,RAINFOREST_RESIN,9996,1,9995,30,,,10002,1,10004,1,10005,30,9999,218
1,11100,KELP,2033,2,2032,30,,,2036,31,,,,,2034.5,41.96875
1,11200,RAINFOREST_RESIN,9996,2,9995,28,,,10004,2,10005,28,,,10000,218
1,11200,KELP,2032,30,,,,,2034,5,2036,30,,,2033,38.8984375
1,11200,SQUID_INK,1863,30,,,,,1865,5,1866,30,,,1864,703.75
1,11300,KELP,2033,2,2032,25,,,2036,27,,,,,2034.5,39.5859375
1,11300,SQUID_INK,1862,27,,,,,1865,27,,,,,1863.5,655.6953125
1,11300,RAINFOREST_RESIN,9996,2,9995,25,,,10002,2,10004,2,10005,25,9999,218
1,11400,KELP,2032,30,,,,,2036,30,,,,,2034,42.328125
1,11400,SQUID_INK,1858,30,,,,,1861,30,,,,,1859.5,551.8789063
1,11400,RAINFOREST_RESIN,9995,30,,,,,10005,30,,,,,10000,218
1,11500,SQUID_INK,1856,29,,,,,1858,5,1860,29,,,1857,512.4726563
1,11500,RAINFOREST_RESIN,9996,1,9995,28,,,10004,1,10005,28,,,10000,218
1,11500,KELP,2033,29,,,,,2035,5,2036,29,,,2034,42.984375
1,11600,RAINFOREST_RESIN,9996,2,9995,22,,,10004,2,10005,22,,,10000,218
1,11600,KELP,2033,2,2032,22,,,2035,7,2036,24,,,2034,41.6015625
1,11600,SQUID_INK,1858,24,,,,,1860,7,1861,24,,,1859,560.9296875
1,11700,KELP,2034,4,2033,2,2032,20,2036,22,,,,,2035,41.25
1,11700,SQUID_INK,1858,4,1857,22,,,1860,22,,,,,1859,519.1523438
1,11700,RAINFOREST_RESIN,10000,4,9996,2,9995,20,10004,2,10005,20,,,10002,218
1,11800,KELP,2033,1,2032,21,,,2036,22,,,,,2034.5,39.2890625
1,11800,SQUID_INK,1857,22,,,,,1860,22,,,,,1858.5,532.1640625
1,11800,RAINFOREST_RESIN,9998,10,9996,1,9995,21,10004,1,10005,21,,,10001,218
1,11900,SQUID_INK,1857,4,1856,23,,,1859,23,,,,,1858,506.7148438
1,11900,RAINFOREST_RESIN,10002,1,10000,4,9998,1,10004,1,10005,22,,,10003,218
1,11900,KELP,2034,4,2032,23,,,2036,23,,,,,2035,37.18359375
1,12000,RAINFOREST_RESIN,9996,1,9995,27,,,10004,1,10005,27,,,10000,220
1,12000,KELP,2033,1,2032,27,,,2036,28,,,,,2034.5,39.25390625
1,12000,SQUID_INK,1855,28,,,,,1858,28,,,,,1856.5,469.6757813
1,12100,KELP,2032,25,,,,,2036,25,,,,,2034,37.68359375
1,12100,SQUID_INK,1853,25,,,,,1856,25,,,,,1854.5,428.5
1,12100,RAINFOREST_RESIN,9996,2,9995,23,,,9998,8,10004,2,10005,23,9997,220
1,12200,KELP,2032,25,,,,,2036,25,,,,,2034,35.59765625
1,12200,SQUID_INK,1855,25,,,,,1859,25,,,,,1857,488.2304688
1,12200,RAINFOREST_RESIN,9996,2,9995,23,,,10004,2,10005,23,,,10000,236
1,12300,SQUID_INK,1856,29,,,,,1859,25,,,,,1857.5,502.1328125
1,12300,RAINFOREST_RESIN,9996,1,9995,24,,,10002,3,10004,1,10005,24,9999,236
1,12300,KELP,2032,29,,,,,2035,25,,,,,2033.5,29.25390625
1,12400,RAINFOREST_RESIN,10002,1,9998,5,9995,29,10005,29,,,,,10003.5,236
1,12400,KELP,2032,29,,,,,2036,29,,,,,2034,34.33984375
1,12400,SQUID_INK,1857,29,,,,,1860,29,,,,,1858.5,531.84375
1,12500,KELP,2033,3,2032,23,,,2035,1,2036,22,,,2034,30.1640625
1,12500,SQUID_INK,1858,3,1857,23,,,1860,23,,,,,1859,526.625
1,12500,RAINFOREST_RESIN,10000,3,9996,1,9995,22,10004,1,10005,22,,,10002,238
1,12600,KELP,2033,4,2032,26,,,2036,26,,,,,2034.5,33.5703125
1,12600,SQUID_INK,1859,4,1858,26,,,1861,26,,,,,1860,544.6914063
1,12600,RAINFOREST_RESIN,10000,4,9995,26,,,10005,26,,,,,10002.5,238
1,12700,SQUID_INK,1856,28,,,,,1859,28,,,,,1857.5,500.6601563
1,12700,RAINFOREST_RESIN,10002,1,9996,1,9995,27,10004,1,10005,27,,,10003,238
1,12700,KELP,2032,28,,,,,2035,28,,,,,2033.5,29.1328125
1,12800,RAINFOREST_RESIN,10000,4,9996,2,9995,28,10002,9,10004,2,10005,28,10001,240
1,12800,KELP,2033,4,2032,30,,,2035,2,2036,28,,,2034,29.640625
1,12800,SQUID_INK,1854,4,1853,30,,,1856,30,,,,,1855,437.0546875
1,12900,KELP,2032,23,,,,,2034,2,2035,2,2036,21,2033,29.38671875
1,12900,SQUID_INK,1853,23,,,,,1855,2,1856,23,,,1854,435.6484375
1,12900,RAINFOREST_RESIN,9996,2,9995,21,,,10002,4,10004,2,10005,21,9999,240
1,13000,KELP,2032,32,,,,,2035,32,,,,,2033.5,29.12890625
1,13000,SQUID_INK,1851,32,,,,,1854,2,1855,30,,,1852.5,409.71875
1,13000,RAINFOREST_RESIN,9996,2,9995,30,,,10002,2,10004,2,10005,30,9999,240
1,13100,RAINFOREST_RESIN,9995,21,,,,,10000,2,10005,21,,,9997.5,240
1,13100,SQUID_INK,1851,21,,,,,1852,2,1854,21,,,1851.5,405.2617188
1,13100,KELP,2032,21,,,,,2033,2,2036,21,,,2032.5,29.36328125
1,13200,RAINFOREST_RESIN,9998,9,9996,2,9995,29,10004,2,10005,29,,,10001,240
1,13200,KELP,2034,1,2032,38,,,2035,2,2036,29,,,2034.5,30.9296875
1,13200,SQUID_INK,1852,1,1850,38,,,1853,31,,,,,1852.5,381.5078125
1,13300,KELP,2032,23,,,,,2035,1,2036,22,,,2033.5,32.52734375
1,13300,RAINFOREST_RESIN,10002,2,9996,1,9995,22,10004,1,10005,22,,,10003,240
1,13300,SQUID_INK,1851,23,,,,,1854,23,,,,,1852.5,402.8515625
1,13400,KELP,2032,26,,,,,2035,26,,,,,2033.5,30.59765625
1,13400,SQUID_INK,1852,26,,,,,1855,26,,,,,1853.5,416.1171875
1,13400,RAINFOREST_RESIN,9995,26,,,,,10005,26,,,,,10000,244
1,13500,RAINFOREST_RESIN,9996,1,9995,24,,,10004,1,10005,24,,,10000,244
1,13500,SQUID_INK,1853,25,,,,,1856,25,,,,,1854.5,434.84375
1,13500,KELP,2032,25,,,,,2035,25,,,,,2033.5,30.05078125
1,13600,RAINFOREST_RESIN,9996,2,9995,24,,,10002,6,10004,2,10005,24,9999,244
1,13600,KELP,2032,26,,,,,2034,3,2035,26,,,2033,29.77734375
1,13600,SQUID_INK,1849,26,,,,,1851,3,1852,26,,,1850,370.2460938
1,13700,KELP,2032,28,,,,,2035,28,,,,,2033.5,29.49609375
1,13700,RAINFOREST_RESIN,10002,1,9995,28,,,10005,28,,,,,10003.5,244
1,13700,SQUID_INK,1847,28,,,,,1850,28,,,,,1848.5,324
1,13800,KELP,2032,23,,,,,2035,23,,,,,2033.5,29.1953125
1,13800,SQUID_INK,1846,23,,,,,1850,23,,,,,1848,320.0859375
1,13800,RAINFOREST_RESIN,9998,1,9995,23,,,10005,23,,,,,10001.5,246
1,13900,RAINFOREST_RESIN,9996,1,9995,20,,,10004,1,10005,20,,,10000,246
1,13900,SQUID_INK,1849,18,,,,,1852,21,,,,,1850.5,361.0820313
1,13900,KELP,2032,21,,,,,2033,3,2035,21,,,2032.5,28.08984375
1,14000,RAINFOREST_RESIN,10002,6,9998,1,9996,1,10004,1,10005,28,,,10003,246
1,14000,KELP,2032,31,,,,,2035,29,,,,,2033.5,31.63671875
1,14000,SQUID_INK,1852,3,1851,28,,,1855,29,,,,,1853.5,413.6484375
1,14100,KELP,2032,22,,,,,2035,22,,,,,2033.5,31.3828125
1,14100,RAINFOREST_RESIN,9996,2,9995,20,,,10002,4,10004,2,10005,20,9999,258
1,14100,SQUID_INK,1851,22,,,,,1854,22,,,,,1852.5,399.3085938
1,14200,SQUID_INK,1852,21,,,,,1855,21,,,,,1853.5,442.5742188
1,14200,KELP,2032,21,,,,,2035,21,,,,,2033.5,42.6640625
1,14200,RAINFOREST_RESIN,9995,21,,,,,10005,21,,,,,10000,258
1,14300,RAINFOREST_RESIN,9996,1,9995,21,,,10004,1,10005,21,,,10000,258
1,14300,SQUID_INK,1849,22,,,,,1852,22,,,,,1850.5,339.796875
1,14300,KELP,2032,22,,,,,2035,1,2036,21,,,2033.5,47.796875
1,14400,RAINFOREST_RESIN,10002,4,9996,2,9995,21,10004,2,10005,21,,,10003,258
1,14400,SQUID_INK,1853,22,,,,,1856,23,,,,,1854.5,469.8476563
1,14400,KELP,2032,22,,,,,2036,23,,,,,2034,50.640625
1,14500,KELP,2032,29,,,,,2034,6,2035,1,2036,28,2033,49.0234375
1,14500,RAINFOREST_RESIN,9996,1,9995,28,,,10002,10,10004,1,10005,28,9999,266
1,14500,SQUID_INK,1852,1,1851,28,,,1853,6,1855,29,,,1852.5,427.8046875
1,14600,SQUID_INK,1848,28,,,,,1849,3,1851,28,,,1848.5,321.7109375
1,14600,KELP,2032,28,,,,,2033,3,2035,1,2036,27,2032.5,50.9375
1,14600,RAINFOREST_RESIN,9996,1,9995,27,,,10004,1,10005,27,,,10000,266
1,14700,RAINFOREST_RESIN,9996,1,9995,23,,,10004,1,10005,23,,,10000,266
1,14700,SQUID_INK,1850,24,,,,,1852,2,1853,24,,,1851,390.2265625
1,14700,KELP,2032,24,,,,,2034,2,2035,1,2036,23,2033,53.671875
1,14800,RAINFOREST_RESIN,9996,1,9995,30,,,9998,1,10004,1,10005,30,9997,266
1,14800,SQUID_INK,1849,31,,,,,1851,3,1852,1,1853,30,1850,363.25
1,14800,KELP,2032,31,,,,,2034,3,2036,31,,,2033,54.1640625
1,14900,KELP,2034,4,2032,26,,,2035,1,2036,25,,,2034.5,50.078125
1,14900,RAINFOREST_RESIN,9996,1,9995,25,,,10002,1,10004,1,10005,25,9999,268
1,14900,SQUID_INK,1853,4,1851,26,,,1854,26,,,,,1853.5,429.1171875
1,15000,SQUID_INK,1849,6,1848,25,,,1852,27,,,,,1850.5,345.2695313
1,15000,KELP,2033,4,2032,27,,,2035,2,2036,25,,,2034,54.140625
1,15000,RAINFOREST_RESIN,9996,2,9995,25,,,10004,2,10005,25,,,10000,268
1,15100,RAINFOREST_RESIN,9996,1,9995,20,,,9998,1,10004,1,10005,20,9997,268
1,15100,SQUID_INK,1850,21,,,,,1853,21,,,,,1851.5,386.0898438
1,15100,KELP,2032,21,,,,,2035,1,2036,20,,,2033.5,53.1953125
1,15200,RAINFOREST_RESIN,10000,4,9996,2,9995,21,10002,4,10004,2,10005,21,10001,270
1,15200,SQUID_INK,1849,4,1848,27,,,1851,23,,,,,1850,325.4414063
1,15200,KELP,2033,8,2032,23,,,2035,2,2036,21,,,2034,53.625
1,15300,KELP,2032,24,,,,,2034,6,2035,2,2036,22,2033,54.09375
1,15300,RAINFOREST_RESIN,9996,2,9995,22,,,10002,7,10004,2,10005,22,9999,270
1,15300,SQUID_INK,1850,24,,,,,1852,6,1853,24,,,1851,385.6835938
1,15400,SQUID_INK,1847,30,,,,,1850,30,,,,,1848.5,300.0976563
1,15400,KELP,2032,30,,,,,2036,30,,,,,2034,51.2734375
1,15400,RAINFOREST_RESIN,9995,30,,,,,10005,30,,,,,10000,270
1,15500,RAINFOREST_RESIN,9995,25,,,,,9998,11,10005,25,,,9996.5,270
1,15500,SQUID_INK,1850,25,,,,,1853,25,,,,,1851.5,379.078125
1,15500,KELP,2032,25,,,,,2036,25,,,,,2034,55.9140625
1,15600,RAINFOREST_RESIN,9996,1,9995,22,,,10004,1,10005,22,,,10000,292
1,15600,SQUID_INK,1846,23,,,,,1849,23,,,,,1847.5,272.0703125
1,15600,KELP,2032,23,,,,,2036,23,,,,,2034,65.234375
1,15700,KELP,2033,2,2032,28,,,2034,1,2036,30,,,2033.5,66.125
1,15700,RAINFOREST_RESIN,9996,2,9995,28,,,10004,2,10005,28,,,10000,292
1,15700,SQUID_INK,1847,30,,,,,1849,1,1850,30,,,1848,292.0234375
1,15800,SQUID_INK,1851,32,,,,,1854,28,,,,,1852.5,428.7929688
1,15800,KELP,2033,6,2032,26,,,2036,28,,,,,2034.5,65.640625
1,15800,RAINFOREST_RESIN,9998,6,9996,2,9995,26,10004,2,10005,26,,,10001,292
1,15900,RAINFOREST_RESIN,9996,1,9995,20,,,10002,8,10004,1,10005,20,9999,292
1,15900,SQUID_INK,1853,21,,,,,1854,3,1856,21,,,1853.5,491.65625
1,15900,KELP,2032,21,,,,,2033,3,2036,21,,,2032.5,65.15625
1,16000,RAINFOREST_RESIN,9996,2,9995,20,,,10004,2,10005,20,,,10000,292
1,16000,SQUID_INK,1856,22,,,,,1858,4,1859,22,,,1857,581.625
1,16000,KELP,2032,22,,,,,2034,4,2036,22,,,2033,67.9296875
1,16100,KELP,2032,26,,,,,2033,1,2034,8,2036,27,2032.5,73.2265625
1,16100,RAINFOREST_RESIN,9996,1,9995,26,,,10004,1,10005,26,,,10000,292
1,16100,SQUID_INK,1856,27,,,,,1857,2,1858,8,1859,27,1856.5,581.8554688
1,16200,SQUID_INK,1853,26,,,,,1856,27,,,,,1854.5,482.6210938
1,16200,KELP,2032,26,,,,,2036,27,,,,,2034,60.7578125
1,16200,RAINFOREST_RESIN,9995,27,,,,,10002,4,10005,27,,,9998.5,292
1,16300,RAINFOREST_RESIN,9996,1,9995,21,,,10004,1,10005,21,,,10000,292
1,16300,SQUID_INK,1850,22,,,,,1853,1,1854,21,,,1851.5,397.359375
1,16300,KELP,2032,22,,,,,2035,22,,,,,2033.5,53.9140625
1,16400,RAINFOREST_RESIN,9996,2,9995,25,,,10002,6,10004,2,10005,25,9999,296
1,16400,SQUID_INK,1848,27,,,,,1850,7,1851,27,,,1849,323.9492188
1,16400,KELP,2032,27,,,,,2034,7,2036,27,,,2033,62.765625
1,16500,KELP,2032,22,,,,,2035,1,2036,22,,,2033.5,75.359375
1,16500,RAINFOREST_RESIN,9995,22,,,,,10005,22,,,,,10000,296
1,16500,SQUID_INK,1848,22,,,,,1849,1,1851,22,,,1848.5,308.4140625
1,16600,SQUID_INK,1848,7,1847,26,,,1850,26,,,,,1849,296.203125
1,16600,KELP,2033,7,2032,26,,,2036,26,,,,,2034.5,72.984375
1,16600,RAINFOREST_RESIN,9995,26,,,,,10005,26,,,,,10000,296
1,16700,RAINFOREST_RESIN,10002,1,9998,2,9995,25,10005,25,,,,,10003.5,296
1,16700,SQUID_INK,1842,25,,,,,1845,25,,,,,1843.5,157.6953125
1,16700,KELP,2032,25,,,,,2036,25,,,,,2034,74.9375
1,16800,RAINFOREST_RESIN,10000,2,9996,2,9995,25,10004,2,10005,25,,,10002,298
1,16800,SQUID_INK,1838,2,1837,27,,,1840,27,,,,,1839,19.05078125
1,16800,KELP,2034,2,2033,27,,,2036,27,,,,,2035,77.84375
1,16900,KELP,2033,2,2032,22,,,2036,24,,,,,2034.5,75.984375
1,16900,RAINFOREST_RESIN,9996,2,9995,22,,,10004,2,10005,22,,,10000,298
1,16900,SQUID_INK,1842,24,,,,,1845,24,,,,,1843.5,143.2382813
1,17000,SQUID_INK,1843,1,1842,26,,,1845,26,,,,,1844,150.3671875
1,17000,RAINFOREST_RESIN,9996,1,9995,25,,,10004,1,10005,25,,,10000,298
1,17000,KELP,2033,2,2032,25,,,2036,26,,,,,2034.5,75.9609375
1,17100,SQUID_INK,1849,27,,,,,1852,1,1853,26,,,1850.5,320.4570313
1,17100,KELP,2033,1,2032,26,,,2036,27,,,,,2034.5,75.0234375
1,17100,RAINFOREST_RESIN,9996,1,9995,26,,,10004,1,10005,26,,,10000,298
1,17200,SQUID_INK,1848,33,,,,,1851,28,,,,,1849.5,281.6054688
1,17200,RAINFOREST_RESIN,9996,1,9995,27,,,10004,1,10005,27,,,10000,298
1,17200,KELP,2033,33,,,,,2036,28,,,,,2034.5,77.34375
1,17300,KELP,2033,28,,,,,2035,6,2036,28,,,2034,77.7890625
1,17300,RAINFOREST_RESIN,9996,1,9995,27,,,10004,1,10005,27,,,10000,298
1,17300,SQUID_INK,1848,28,,,,,1850,6,1851,28,,,1849,294.8710938
1,17400,RAINFOREST_RESIN,9995,25,,,,,9998,11,10005,25,,,9996.5,298
1,17400,KELP,2034,3,2033,27,,,2036,25,,,,,2035,79.609375
1,17400,SQUID_INK,1849,3,1848,2,1847,25,1851,25,,,,,1850,268.2929688
1,17500,KELP,2033,28,,,,,2036,28,,,,,2034.5,79.25
1,17500,SQUID_INK,1848,28,,,,,1851,28,,,,,1849.5,281.0859375
1,17500,RAINFOREST_RESIN,9996,2,9995,26,,,10004,2,10005,26,,,10000,328
1,17600,SQUID_INK,1849,3,1848,30,,,1851,30,,,,,1850,291.8886719
1,17600,RAINFOREST_RESIN,9996,1,9995,29,,,10004,1,10005,29,,,10000,328
1,17600,KELP,2033,33,,,,,2036,30,,,,,2034.5,87.98046875
1,17700,KELP,2033,22,,,,,2036,22,,,,,2034.5,87.96875
1,17700,SQUID_INK,1847,22,,,,,1850,22,,,,,1848.5,272.4257813
1,17700,RAINFOREST_RESIN,9998,2,9995,22,,,10005,22,,,,,10001.5,328
1,17800,RAINFOREST_RESIN,9996,2,9995,30,,,9998,3,10002,5,10004,2,9997,328
1,17800,KELP,2033,32,,,,,2035,5,2036,32,,,2034,89.15234375
1,17800,SQUID_INK,1848,32,,,,,1850,5,1851,32,,,1849,288.1074219
1,17900,KELP,2035,1,2034,2,2033,21,2036,21,,,,,2035.5,88.8515625
1,17900,SQUID_INK,1849,1,1848,2,1847,21,1850,21,,,,,1849.5,263.03125
1,17900,RAINFOREST_RESIN,9995,21,,,,,9998,1,10002,3,10005,21,9996.5,334
1,18000,SQUID_INK,1848,24,,,,,1852,24,,,,,1850,290.3085938
1,18000,RAINFOREST_RESIN,9995,24,,,,,10005,24,,,,,10000,336
1,18000,KELP,2033,24,,,,,2036,24,,,,,2034.5,89.484375
1,18100,KELP,2033,30,,,,,2036,30,,,,,2034.5,90.296875
1,18100,SQUID_INK,1842,30,,,,,1845,30,,,,,1843.5,192.96875
1,18100,RAINFOREST_RESIN,9996,2,9995,28,,,10004,2,10005,28,,,10000,336
1,18200,RAINFOREST_RESIN,9996,2,9995,23,,,10002,10,10004,2,10005,23,9999,336
1,18200,KELP,2033,25,,,,,2036,25,,,,,2034.5,89.515625
1,18200,SQUID_INK,1840,25,,,,,1843,25,,,,,1841.5,145.390625
1,18300,KELP,2033,20,,,,,2036,20,,,,,2034.5,91.34765625
1,18300,SQUID_INK,1839,20,,,,,1842,20,,,,,1840.5,135.2304688
1,18300,RAINFOREST_RESIN,9995,20,,,,,10005,20,,,,,10000,336
1,18400,SQUID_INK,1840,1,1839,1,1838,21,1842,22,,,,,1841,116.7265625
1,18400,RAINFOREST_RESIN,9996,1,9995,21,,,10004,1,10005,21,,,10000,336
1,18400,KELP,2035,1,2033,22,,,2036,22,,,,,2035.5,91.66796875
1,18500,SQUID_INK,1840,22,,,,,1843,23,,,,,1841.5,141.5
1,18500,KELP,2033,22,,,,,2036,23,,,,,2034.5,94.08984375
1,18500,RAINFOREST_RESIN,9996,2,9995,21,,,10004,2,10005,21,,,10000,336
1,18600,RAINFOREST_RESIN,9996,1,9995,21,,,10004,1,10005,21,,,10000,336
1,18600,KELP,2033,13,,,,,2036,22,,,,,2034.5,96.2265625
1,18600,SQUID_INK,1836,21,,,,,1837,8,1840,22,,,1836.5,70.96875
1,18700,SQUID_INK,1838,30,,,,,1841,30,,,,,1839.5,131.6171875
1,18700,KELP,2033,30,,,,,2036,30,,,,,2034.5,96.45703125
1,18700,RAINFOREST_RESIN,10002,1,9995,30,,,10005,30,,,,,10003.5,336
1,18800,SQUID_INK,1836,24,,,,,1840,24,,,,,1838,76.70703125
1,18800,RAINFOREST_RESIN,9995,24,,,,,10002,7,10005,24,,,9998.5,338
1,18800,KELP,2033,24,,,,,2036,24,,,,,2034.5,93.58203125
1,18900,SQUID_INK,1830,32,,,,,1833,25,,,,,1831.5,-134.2929688
1,18900,KELP,2033,32,,,,,2036,25,,,,,2034.5,95.6640625
1,18900,RAINFOREST_RESIN,10002,1,9995,25,,,10005,25,,,,,10003.5,338
1,19000,RAINFOREST_RESIN,9996,1,9995,30,,,10004,1,10005,30,,,10000,340
1,19000,KELP,2033,31,,,,,2036,31,,,,,2034.5,98.26171875
1,19000,SQUID_INK,1828,31,,,,,1831,31,,,,,1829.5,-179.5625
1,19100,SQUID_INK,1821,23,,,,,1824,23,,,,,1822.5,-392.6875
1,19100,KELP,2033,23,,,,,2036,23,,,,,2034.5,96.81640625
1,19100,RAINFOREST_RESIN,9996,2,9995,21,,,10004,2,10005,21,,,10000,340
1,19200,SQUID_INK,1823,26,,,,,1826,26,,,,,1824.5,-347.109375
1,19200,RAINFOREST_RESIN,9995,26,,,,,10002,1,10005,26,,,9998.5,340
1,19200,KELP,2033,26,,,,,2036,26,,,,,2034.5,96.31640625
1,19300,SQUID_INK,1825,25,,,,,1828,25,,,,,1826.5,-267.5429688
1,19300,KELP,2033,25,,,,,2036,25,,,,,2034.5,97.05859375
1,19300,RAINFOREST_RESIN,9996,2,9995,23,,,9998,6,10004,2,10005,23,9997,340
1,19400,RAINFOREST_RESIN,9996,2,9995,24,,,10002,5,10004,2,10005,24,9999,352
1,19400,KELP,2033,26,,,,,2036,26,,,,,2034.5,94.28125
1,19400,SQUID_INK,1829,26,,,,,1832,26,,,,,1830.5,-155.9570313
1,19500,SQUID_INK,1828,23,,,,,1832,23,,,,,1830,-170.3710938
1,19500,KELP,2033,23,,,,,2036,23,,,,,2034.5,95.03515625
1,19500,RAINFOREST_RESIN,9995,23,,,,,10005,23,,,,,10000,352
1,19600,SQUID_INK,1828,27,,,,,1831,27,,,,,1829.5,-187.0625
1,19600,RAINFOREST_RESIN,10002,1,9998,5,9996,1,10004,1,10005,26,,,10003,352
1,19600,KELP,2033,27,,,,,2036,27,,,,,2034.5,99.4609375
1,19700,SQUID_INK,1826,31,,,,,1829,31,,,,,1827.5,-238.71875
1,19700,RAINFOREST_RESIN,9996,2,9995,29,,,10004,2,10005,29,,,10000,354
1,19700,KELP,2033,31,,,,,2036,31,,,,,2034.5,102.4179688
1,19800,RAINFOREST_RESIN,9996,2,9995,26,,,10004,2,10005,26,,,10000,354
1,19800,KELP,2033,28,,,,,2036,28,,,,,2034.5,104.0976563
1,19800,SQUID_INK,1825,28,,,,,1828,28,,,,,1826.5,-273.6054688
1,19900,KELP,2033,23,,,,,2036,23,,,,,2034.5,105.2265625
1,19900,SQUID_INK,1826,23,,,,,1829,1,1830,22,,,1827.5,-225.9023438
1,19900,RAINFOREST_RESIN,9996,1,9995,22,,,9998,1,10004,1,10005,22,9997,354
1,20000,KELP,2033,26,,,,,2035,4,2036,26,,,2034,105.2226563
1,20000,SQUID_INK,1831,26,,,,,1833,4,1834,26,,,1832,-78.3671875
1,20000,RAINFOREST_RESIN,9995,26,,,,,9998,1,10005,26,,,9996.5,380
1,20100,SQUID_INK,1832,30,,,,,1834,4,1835,30,,,1833,-30.46875
1,20100,RAINFOREST_RESIN,9996,1,9995,29,,,9998,4,10004,1,10005,29,9997,382
1,20100,KELP,2033,30,,,,,2035,4,2036,30,,,2034,103.8164063
1,20200,RAINFOREST_RESIN,10002,1,9995,20,,,10005,20,,,,,10003.5,390
1,20200,KELP,2033,20,,,,,2036,20,,,,,2034.5,105.2226563
1,20200,SQUID_INK,1833,20,,,,,1837,20,,,,,1835,12.1015625
1,20300,KELP,2033,24,,,,,2036,24,,,,,2034.5,103.5078125
1,20300,SQUID_INK,1833,24,,,,,1836,24,,,,,1834.5,-0.49609375
1,20300,RAINFOREST_RESIN,10002,4,9995,24,,,10005,24,,,,,10003.5,392
1,20400,KELP,2033,25,,,,,2036,28,,,,,2034.5,100.9335938
1,20400,SQUID_INK,1830,28,,,,,1831,3,1833,28,,,1830.5,-102.5898438
1,20400,RAINFOREST_RESIN,10002,2,9996,1,9995,27,10004,1,10005,27,,,10003,400
1,20500,SQUID_INK,1833,18,,,,,1836,26,,,,,1834.5,3.65625
1,20500,RAINFOREST_RESIN,9998,7,9996,1,9995,25,10004,1,10005,25,,,10001,404
1,20500,KELP,2033,18,,,,,2036,26,,,,,2034.5,102.078125
1,20600,RAINFOREST_RESIN,9996,1,9995,24,,,9998,4,10002,5,10004,1,9997,404
1,20600,KELP,2033,25,,,,,2036,25,,,,,2034.5,100.9375
1,20600,SQUID_INK,1833,25,,,,,1836,25,,,,,1834.5,3.4765625
1,20700,KELP,2034,2,2033,33,,,2036,30,,,,,2035,102.0859375
1,20700,SQUID_INK,1837,2,1835,33,,,1838,30,,,,,1837.5,82.859375
1,20700,RAINFOREST_RESIN,9995,30,,,,,10005,30,,,,,10000,412
1,20800,KELP,2033,26,,,,,2036,26,,,,,2034.5,104.4570313
1,20800,SQUID_INK,1839,26,,,,,1842,26,,,,,1840.5,214.1601563
1,20800,RAINFOREST_RESIN,9996,2,9995,24,,,10004,2,10005,24,,,10000,412
1,20900,SQUID_INK,1837,31,,,,,1838,1,1840,2,1841,29,1837.5,158.75
1,20900,RAINFOREST_RESIN,9996,2,9995,29,,,10004,2,10005,29,,,10000,412
1,20900,KELP,2033,30,,,,,2036,31,,,,,2034.5,105.1875
1,21000,RAINFOREST_RESIN,9996,1,9995,25,,,10004,1,10005,25,,,10000,412
1,21000,KELP,2033,26,,,,,2036,26,,,,,2034.5,106.890625
1,21000,SQUID_INK,1835,26,,,,,1838,26,,,,,1836.5,81.53515625
1,21100,KELP,2033,28,,,,,2034,2,2036,28,,,2033.5,104.2226563
1,21100,SQUID_INK,1835,28,,,,,1836,2,1838,28,,,1835.5,73.83203125
1,21100,RAINFOREST_RESIN,9995,28,,,,,10000,2,10005,28,,,9997.5,412
1,21200,KELP,2035,1,2033,29,,,2036,29,,,,,2035.5,106.3007813
1,21200,SQUID_INK,1836,1,1834,29,,,1837,29,,,,,1836.5,35.890625
1,21200,RAINFOREST_RESIN,9995,29,,,,,9998,1,10005,29,,,9996.5,412
1,21300,SQUID_INK,1833,22,,,,,1835,2,1836,22,,,1834,21.79296875
1,21300,RAINFOREST_RESIN,9995,22,,,,,10005,22,,,,,10000,414
1,21300,KELP,2033,22,,,,,2035,2,2036,22,,,2034,106.3710938
1,21400,RAINFOREST_RESIN,9996,1,9995,29,,,10004,1,10005,29,,,10000,414
1,21400,KELP,2033,30,,,,,2036,30,,,,,2034.5,103.0703125
1,21400,SQUID_INK,1835,30,,,,,1838,30,,,,,1836.5,68.27734375
1,21500,KELP,2032,28,,,,,2033,5,2036,30,,,2032.5,100.7773438
1,21500,SQUID_INK,1838,28,,,,,1839,5,1842,30,,,1838.5,193.9101563
1,21500,RAINFOREST_RESIN,9996,2,9995,28,,,10004,2,10005,28,,,10000,414
1,21600,KELP,2033,2,2032,20,,,2036,22,,,,,2034.5,105.515625
1,21600,SQUID_INK,1843,22,,,,,1846,2,1847,20,,,1844.5,385.453125
1,21600,RAINFOREST_RESIN,9998,5,9996,2,9995,20,10004,2,10005,20,,,10001,414
1,21700,SQUID_INK,1844,4,1843,27,,,1846,27,,,,,1845,378.125
1,21700,RAINFOREST_RESIN,9996,2,9995,25,,,10004,2,10005,25,,,10000,414
1,21700,KELP,2033,6,2032,25,,,2036,27,,,,,2034.5,107.0625
1,21800,RAINFOREST_RESIN,9996,1,9995,25,,,10004,1,10005,25,,,10000,414
1,21800,KELP,2033,1,2032,25,,,2036,26,,,,,2034.5,105.5625
1,21800,SQUID_INK,1844,26,,,,,1847,26,,,,,1845.5,399.921875
1,21900,KELP,2032,27,,,,,2036,27,,,,,2034,107.0820313
1,21900,RAINFOREST_RESIN,9995,27,,,,,10002,3,10005,27,,,9998.5,414
1,21900,SQUID_INK,1845,27,,,,,1848,27,,,,,1846.5,428.3164063
1,22000,KELP,2033,22,,,,,2036,22,,,,,2034.5,108.015625
1,22000,SQUID_INK,1844,22,,,,,1847,22,,,,,1845.5,411.4648438
1,22000,RAINFOREST_RESIN,9996,2,9995,20,,,10004,2,10005,20,,,10000,414
1,22100,RAINFOREST_RESIN,9995,22,,,,,10005,22,,,,,10000,414
1,22100,SQUID_INK,1848,22,,,,,1850,4,1852,22,,,1849,556.09375
1,22100,KELP,2032,22,,,,,2034,4,2036,22,,,2033,106.1953125
1,22200,RAINFOREST_RESIN,10002,1,9995,23,,,10005,23,,,,,10003.5,414
1,22200,KELP,2033,3,2032,23,,,2036,23,,,,,2034.5,106.4960938
1,22200,SQUID_INK,1849,26,,,,,1852,23,,,,,1850.5,562.6445313
1,22300,KELP,2033,30,,,,,2036,30,,,,,2034.5,108.3359375
1,22300,RAINFOREST_RESIN,9996,2,9995,28,,,10004,2,10005,28,,,10000,416
1,22300,SQUID_INK,1848,30,,,,,1851,2,1852,28,,,1849.5,551.359375
1,22400,KELP,2033,24,,,,,2036,24,,,,,2034.5,108.6328125
1,22400,SQUID_INK,1846,24,,,,,1849,24,,,,,1847.5,456.6679688
1,22400,RAINFOREST_RESIN,9996,1,9995,23,,,10002,2,10004,1,10005,23,9999,416
1,22500,RAINFOREST_RESIN,9998,2,9995,27,,,10005,27,,,,,10001.5,416
1,22500,SQUID_INK,1849,1,1847,27,,,1851,27,,,,,1850,520.015625
1,22500,KELP,2035,1,2032,27,,,2036,27,,,,,2035.5,106.8398438
1,22600,RAINFOREST_RESIN,9998,5,9996,1,9995,25,10004,1,10005,25,,,10001,416
1,22600,KELP,2035,1,2034,4,2033,30,2036,26,,,,,2035.5,108.8125
1,22600,SQUID_INK,1851,1,1850,4,1849,30,1852,26,,,,,1851.5,555.6992188
1,22700,KELP,2033,26,,,,,2036,26,,,,,2034.5,108.6289063
1,22700,RAINFOREST_RESIN,9996,1,9995,25,,,10002,9,10004,1,10005,25,9999,416
1,22700,SQUID_INK,1849,26,,,,,1852,26,,,,,1850.5,571.3398438
1,22800,KELP,2033,27,,,,,2036,27,,,,,2034.5,109.1289063
1,22800,SQUID_INK,1847,27,,,,,1850,27,,,,,1848.5,507.0429688
1,22800,RAINFOREST_RESIN,10002,1,9996,1,9995,26,10004,1,10005,26,,,10003,416
1,22900,RAINFOREST_RESIN,10002,2,9996,1,9995,22,10004,1,10005,22,,,10003,422
1,22900,SQUID_INK,1845,23,,,,,1846,1,1847,4,1848,1,1845.5,467.9257813
1,22900,KELP,2033,22,,,,,2035,4,2036,23,,,2034,109.3828125
1,23000,RAINFOREST_RESIN,9996,1,9995,20,,,10002,2,10004,1,10005,20,9999,426
1,23000,SQUID_INK,1847,1,1845,21,,,1848,21,,,,,1847.5,464
1,23000,KELP,2035,1,2033,21,,,2036,21,,,,,2035.5,109.1210938
1,23100,KELP,2033,35,,,,,2036,28,,,,,2034.5,111.6445313
1,23100,RAINFOREST_RESIN,9996,2,9995,26,,,10004,2,10005,26,,,10000,426
1,23100,SQUID_INK,1844,7,1843,28,,,1846,2,1847,26,,,1845,411.2695313
1,23200,SQUID_INK,1842,26,,,,,1845,25,,,,,1843.5,365.3554688
1,23200,KELP,2033,26,,,,,2036,25,,,,,2034.5,110.1367188
1,23200,RAINFOREST_RESIN,9996,1,9995,24,,,10002,4,10004,1,10005,24,9999,426
1,23300,RAINFOREST_RESIN,9996,2,9995,21,,,10004,2,10005,21,,,10000,426
1,23300,SQUID_INK,1841,23,,,,,1844,23,,,,,1842.5,352.296875
1,23300,KELP,2033,23,,,,,2036,23,,,,,2034.5,111.390625
1,23400,RAINFOREST_RESIN,9996,1,9995,29,,,10004,1,10005,29,,,10000,426
1,23400,SQUID_INK,1840,30,,,,,1843,1,1844,29,,,1841.5,329.3828125
1,23400,KELP,2033,30,,,,,2036,30,,,,,2034.5,115.1796875
1,23500,KELP,2033,34,,,,,2036,31,,,,,2034.5,121.4921875
1,23500,RAINFOREST_RESIN,9996,1,9995,30,,,10004,1,10005,30,,,10000,426
1,23500,SQUID_INK,1841,34,,,,,1844,31,,,,,1842.5,358.59375
1,23600,SQUID_INK,1843,26,,,,,1846,2,1847,25,,,1844.5,470.5234375
1,23600,KELP,2033,26,,,,,2036,27,,,,,2034.5,119.4765625
1,23600,RAINFOREST_RESIN,9996,2,9995,25,,,10004,2,10005,25,,,10000,426
1,23700,RAINFOREST_RESIN,9996,1,9995,20,,,10004,1,10005,20,,,10000,426
1,23700,SQUID_INK,1846,1,1844,21,,,1847,1,1848,20,,,1846.5,512.578125
1,23700,KELP,2035,1,2033,21,,,2036,21,,,,,2035.5,118.734375
1,23800,RAINFOREST_RESIN,9995,22,,,,,10005,22,,,,,10000,426
1,23800,SQUID_INK,1842,22,,,,,1846,22,,,,,1844,434.109375
1,23800,KELP,2033,22,,,,,2036,22,,,,,2034.5,118.984375
1,23900,KELP,2033,27,,,,,2036,27,,,,,2034.5,119.375
1,23900,RAINFOREST_RESIN,9995,27,,,,,10005,27,,,,,10000,426
1,23900,SQUID_INK,1843,27,,,,,1846,27,,,,,1844.5,469.7890625
1,24000,SQUID_INK,1845,35,,,,,1848,29,,,,,1846.5,531.546875
1,24000,KELP,2033,35,,,,,2036,29,,,,,2034.5,118.9765625
1,24000,RAINFOREST_RESIN,9995,29,,,,,10005,29,,,,,10000,426
1,24100,RAINFOREST_RESIN,9996,2,9995,20,,,10004,2,10005,20,,,10000,426
1,24100,SQUID_INK,1841,2,1840,20,,,1844,22,,,,,1842.5,351.0546875
1,24100,KELP,2033,22,,,,,2036,22,,,,,2034.5,116.6171875
1,24200,RAINFOREST_RESIN,9996,1,9995,23,,,10002,7,10004,1,10005,23,9999,426
1,24200,SQUID_INK,1849,1,1848,23,,,1850,8,1852,24,,,1849.5,686.421875
1,24200,KELP,2033,24,,,,,2035,8,2036,24,,,2034,116.6328125
1,24300,KELP,2033,26,,,,,2035,5,2036,27,,,2034,119.828125
1,24300,RAINFOREST_RESIN,10002,1,9995,27,,,10005,27,,,,,10003.5,426
1,24300,SQUID_INK,1846,26,,,,,1848,5,1849,27,,,1847,574.5
1,24400,SQUID_INK,1845,37,,,,,1848,29,,,,,1846.5,533
1,24400,KELP,2033,37,,,,,2036,29,,,,,2034.5,120.265625
1,24400,RAINFOREST_RESIN,9996,1,9995,28,,,10004,1,10005,28,,,10000,428
1,24500,RAINFOREST_RESIN,9996,2,9995,24,,,10002,10,10004,2,10005,24,9999,428
1,24500,SQUID_INK,1844,26,,,,,1847,26,,,,,1845.5,507.765625
1,24500,KELP,2033,26,,,,,2036,26,,,,,2034.5,121.0390625
1,24600,RAINFOREST_RESIN,9996,2,9995,22,,,10002,10,10004,2,10005,22,9999,428
1,24600,SQUID_INK,1846,24,,,,,1849,24,,,,,1847.5,607.0390625
1,24600,KELP,2033,24,,,,,2036,24,,,,,2034.5,119.4609375
1,24700,KELP,2033,22,,,,,2036,22,,,,,2034.5,120.6640625
1,24700,RAINFOREST_RESIN,9996,2,9995,20,,,10004,2,10005,20,,,10000,428
1,24700,SQUID_INK,1848,22,,,,,1851,22,,,,,1849.5,697.1953125
1,24800,SQUID_INK,1849,28,,,,,1852,28,,,,,1850.5,736.5
1,24800,KELP,2033,28,,,,,2036,28,,,,,2034.5,120.265625
1,24800,RAINFOREST_RESIN,9995,28,,,,,10005,28,,,,,10000,428
1,24900,RAINFOREST_RESIN,9998,7,9995,24,,,10005,24,,,,,10001.5,428
1,24900,SQUID_INK,1848,24,,,,,1852,24,,,,,1850,726.6484375
1,24900,KELP,2033,24,,,,,2036,24,,,,,2034.5,123.375
1,25000,RAINFOREST_RESIN,10002,1,9996,1,9995,27,10004,1,10005,27,,,10003,428
1,25000,SQUID_INK,1852,28,,,,,1855,28,,,,,1853.5,896.8203125
1,25000,KELP,2033,28,,,,,2036,28,,,,,2034.5,124.984375
1,25100,KELP,2033,27,,,,,2036,27,,,,,2034.5,128.6484375
1,25100,RAINFOREST_RESIN,9998,8,9996,1,9995,26,10004,1,10005,26,,,10001,430
1,25100,SQUID_INK,1850,27,,,,,1853,27,,,,,1851.5,786.1484375
1,25200,SQUID_INK,1851,32,,,,,1852,4,1854,26,,,1851.5,840.75
1,25200,KELP,2033,32,,,,,2034,4,2036,26,,,2033.5,132.6015625
1,25200,RAINFOREST_RESIN,9996,2,9995,24,,,10000,4,10004,2,10005,24,9998,430
1,25300,RAINFOREST_RESIN,9998,9,9996,1,9995,21,10004,1,10005,21,,,10001,430
1,25300,SQUID_INK,1854,22,,,,,1857,22,,,,,1855.5,986.34375
1,25300,KELP,2033,22,,,,,2036,22,,,,,2034.5,132.8203125
1,25400,RAINFOREST_RESIN,10002,3,9996,2,9995,27,10004,2,10005,27,,,10003,430
1,25400,SQUID_INK,1852,29,,,,,1855,29,,,,,1853.5,904.5703125
1,25400,KELP,2033,29,,,,,2036,29,,,,,2034.5,125.3125
1,25500,KELP,2033,24,,,,,2035,6,2036,24,,,2034,123.6875
1,25500,RAINFOREST_RESIN,9996,1,9995,23,,,10004,1,10005,23,,,10000,436
1,25500,SQUID_INK,1852,24,,,,,1854,6,1855,1,1856,23,1853,920.0390625
1,25600,SQUID_INK,1853,24,,,,,1855,6,1856,24,,,1854,966.5
1,25600,KELP,2033,24,,,,,2035,6,2036,24,,,2034,122.1015625
1,25600,RAINFOREST_RESIN,9995,24,,,,,10005,24,,,,,10000,436
1,25700,RAINFOREST_RESIN,9996,1,9995,24,,,10004,1,10005,24,,,10000,436
1,25700,SQUID_INK,1849,25,,,,,1852,25,,,,,1850.5,766.140625
1,25700,KELP,2033,25,,,,,2036,25,,,,,2034.5,121.71875
1,25800,RAINFOREST_RESIN,10002,1,9996,2,9995,27,10004,2,10005,27,,,10003,436
1,25800,SQUID_INK,1849,29,,,,,1852,29,,,,,1850.5,755.8828125
1,25800,KELP,2033,29,,,,,2036,29,,,,,2034.5,120.15625
1,25900,KELP,2033,29,,,,,2036,29,,,,,2034.5,122.5234375
1,25900,RAINFOREST_RESIN,9996,2,9995,27,,,10004,2,10005,27,,,10000,438
1,25900,SQUID_INK,1849,29,,,,,1852,29,,,,,1850.5,748.8125
1,26000,SQUID_INK,1851,1,1849,27,,,1852,27,,,,,1851.5,761.3359375
1,26000,RAINFOREST_RESIN,9995,27,,,,,10005,27,,,,,10000,438
1,26000,KELP,2035,1,2033,27,,,2036,27,,,,,2035.5,124.7578125
1,26100,SQUID_INK,1850,1,1849,2,1848,25,1851,1,1852,24,,,1850.5,724.1328125
1,26100,KELP,2035,1,2033,27,,,2036,25,,,,,2035.5,125.3046875
1,26100,RAINFOREST_RESIN,10002,1,9998,3,9996,1,10004,1,10005,24,,,10003,438
1,26200,SQUID_INK,1848,29,,,,,1851,29,,,,,1849.5,712.1484375
1,26200,RAINFOREST_RESIN,10002,1,9996,2,9995,27,10004,2,10005,27,,,10003,440
1,26200,KELP,2033,29,,,,,2036,29,,,,,2034.5,123.7265625
1,26300,KELP,2033,25,,,,,2036,26,,,,,2034.5,123.71875
1,26300,SQUID_INK,1847,25,,,,,1851,26,,,,,1849,681.15625
1,26300,RAINFOREST_RESIN,9996,1,9995,25,,,10002,1,10004,1,10005,25,9999,442
1,26400,RAINFOREST_RESIN,9995,27,,,,,10005,27,,,,,10000,442
1,26400,KELP,2033,27,,,,,2036,27,,,,,2034.5,123.7265625
1,26400,SQUID_INK,1848,27,,,,,1851,27,,,,,1849.5,691.1328125
1,26500,KELP,2033,22,,,,,2036,22,,,,,2034.5,125.1328125
1,26500,SQUID_INK,1847,22,,,,,1850,22,,,,,1848.5,644.2578125
1,26500,RAINFOREST_RESIN,9996,1,9995,21,,,10004,1,10005,21,,,10000,442
1,26600,SQUID_INK,1847,31,,,,,1850,31,,,,,1848.5,640.296875
1,26600,RAINFOREST_RESIN,9996,2,9995,29,,,9998,4,10004,2,10005,29,9997,442
1,26600,KELP,2033,31,,,,,2036,31,,,,,2034.5,127.25
1,26700,KELP,2035,1,2033,34,,,2036,26,,,,,2035.5,126.890625
1,26700,SQUID_INK,1846,1,1845,8,1844,26,1847,26,,,,,1846.5,534.984375
1,26700,RAINFOREST_RESIN,9995,26,,,,,10005,26,,,,,10000,450
1,26800,RAINFOREST_RESIN,10002,1,9998,7,9995,20,10005,20,,,,,10003.5,450
1,26800,KELP,2033,20,,,,,2036,20,,,,,2034.5,127.1015625
1,26800,SQUID_INK,1844,20,,,,,1847,20,,,,,1845.5,502.265625
1,26900,KELP,2033,22,,,,,2036,22,,,,,2034.5,125.390625
1,26900,SQUID_INK,1846,22,,,,,1849,22,,,,,1847.5,613.1328125
1,26900,RAINFOREST_RESIN,9995,22,,,,,10005,22,,,,,10000,452
1,27000,SQUID_INK,1849,27,,,,,1850,6,1852,27,,,1849.5,731.90625
1,27000,RAINFOREST_RESIN,9998,2,9996,1,9995,26,10004,1,10005,26,,,10001,452
1,27000,KELP,2033,27,,,,,2035,6,2036,27,,,2034,128.484375
1,27100,KELP,2035,1,2033,29,,,2036,29,,,,,2035.5,128.140625
1,27100,SQUID_INK,1851,1,1849,29,,,1852,29,,,,,1851.5,752.90625
1,27100,RAINFOREST_RESIN,9996,2,9995,27,,,9998,1,10002,10,10004,2,9997,452
1,27200,RAINFOREST_RESIN,9998,3,9996,2,9995,23,10004,2,10005,23,,,10001,454
1,27200,KELP,2035,1,2033,32,,,2036,25,,,,,2035.5,127.6171875
1,27200,SQUID_INK,1853,1,1851,32,,,1854,25,,,,,1853.5,823.5234375
1,27300,KELP,2033,24,,,,,2036,25,,,,,2034.5,128.7539063
1,27300,SQUID_INK,1850,24,,,,,1853,25,,,,,1851.5,783.265625
1,27300,RAINFOREST_RESIN,9995,25,,,,,10002,8,10005,25,,,9998.5,454
1,27400,SQUID_INK,1849,6,1848,23,,,1851,1,1852,22,,,1850,722.4453125
1,27400,RAINFOREST_RESIN,9996,1,9995,22,,,9998,3,10004,1,10005,22,9997,454
1,27400,KELP,2034,6,2033,23,,,2036,23,,,,,2035,127.4726563
1,27500,SQUID_INK,1848,30,,,,,1851,30,,,,,1849.5,698.984375
1,27500,KELP,2033,30,,,,,2036,30,,,,,2034.5,126.1132813
1,27500,RAINFOREST_RESIN,9995,30,,,,,10005,30,,,,,10000,460
1,27600,RAINFOREST_RESIN,9996,2,9995,26,,,10002,4,10004,2,10005,26,9999,460
1,27600,KELP,2035,1,2033,34,,,2036,28,,,,,2035.5,126.1210938
1,27600,SQUID_INK,1851,1,1849,34,,,1852,28,,,,,1851.5,739.1953125
1,27700,SQUID_INK,1849,32,,,,,1852,32,,,,,1850.5,734.5078125
1,27700,KELP,2033,32,,,,,2036,32,,,,,2034.5,126.1171875
1,27700,RAINFOREST_RESIN,9996,2,9995,30,,,10004,2,10005,30,,,10000,460
1,27800,SQUID_INK,1848,27,,,,,1851,22,,,,,1849.5,714.4765625
1,27800,RAINFOREST_RESIN,9998,2,9996,2,9995,20,10004,2,10005,20,,,10001,460
1,27800,KELP,2033,27,,,,,2036,22,,,,,2034.5,126.8632813
1,27900,SQUID_INK,1848,29,,,,,1850,8,1851,29,,,1849,713.734375
1,27900,KELP,2033,29,,,,,2035,8,2036,29,,,2034,126.6015625
1,27900,RAINFOREST_RESIN,9995,29,,,,,10005,29,,,,,10000,460
1,28000,RAINFOREST_RESIN,9995,22,,,,,10005,22,,,,,10000,460
1,28000,KELP,2033,26,,,,,2036,22,,,,,2034.5,125.3515625
1,28000,SQUID_INK,1849,26,,,,,1852,22,,,,,1850.5,749.015625
1,28100,SQUID_INK,1848,1,1847,20,,,1851,21,,,,,1849.5,689.328125
1,28100,KELP,2033,21,,,,,2036,21,,,,,2034.5,124.8515625
1,28100,RAINFOREST_RESIN,9996,1,9995,20,,,10004,1,10005,20,,,10000,460
1,28200,SQUID_INK,1849,23,,,,,1852,23,,,,,1850.5,760.28125
1,28200,RAINFOREST_RESIN,9995,23,,,,,10005,23,,,,,10000,468
1,28200,KELP,2033,23,,,,,2036,23,,,,,2034.5,126.8632813
1,28300,SQUID_INK,1849,30,,,,,1852,30,,,,,1850.5,734.75
1,28300,KELP,2033,30,,,,,2036,30,,,,,2034.5,125.8554688
1,28300,RAINFOREST_RESIN,9996,2,9995,28,,,10004,2,10005,28,,,10000,468
1,28400,RAINFOREST_RESIN,9995,20,,,,,10002,8,10005,20,,,9998.5,468
1,28400,KELP,2033,20,,,,,2036,20,,,,,2034.5,125.3476563
1,28400,SQUID_INK,1849,20,,,,,1853,20,,,,,1851,768.0078125
1,28500,KELP,2033,33,,,,,2036,30,,,,,2034.5,125.84375
1,28500,SQUID_INK,1847,33,,,,,1850,30,,,,,1848.5,661.28125
1,28500,RAINFOREST_RESIN,9996,2,9995,28,,,10004,2,10005,28,,,10000,468
1,28600,KELP,2033,27,,,,,2034,5,2036,28,,,2033.5,127.2929688
1,28600,SQUID_INK,1848,27,,,,,1849,5,1851,28,,,1848.5,690.15625
1,28600,RAINFOREST_RESIN,9996,2,9995,26,,,10000,5,10002,5,10004,2,9998,468
1,28700,SQUID_INK,1848,23,,,,,1851,24,,,,,1849.5,710.3671875
1,28700,RAINFOREST_RESIN,9998,8,9996,2,9995,22,10004,2,10005,22,,,10001,468
1,28700,KELP,2033,23,,,,,2036,24,,,,,2034.5,131.0507813
1,28800,RAINFOREST_RESIN,9995,21,,,,,10002,8,10005,21,,,9998.5,468
1,28800,KELP,2033,21,,,,,2036,21,,,,,2034.5,133.4804688
1,28800,SQUID_INK,1848,21,,,,,1851,21,,,,,1849.5,723.4609375
1,28900,KELP,2033,24,,,,,2036,23,,,,,2034.5,133.171875
1,28900,SQUID_INK,1850,24,,,,,1853,23,,,,,1851.5,792.296875
1,28900,RAINFOREST_RESIN,9996,1,9995,22,,,10002,5,10004,1,10005,22,9999,468
1,29000,KELP,2033,26,,,,,2036,26,,,,,2034.5,133.4882813
1,29000,SQUID_INK,1851,2,1850,24,,,1854,26,,,,,1852.5,830.9765625
1,29000,RAINFOREST_RESIN,10002,1,9996,2,9995,24,10004,2,10005,24,,,10003,468
1,29100,SQUID_INK,1850,23,,,,,1853,23,,,,,1851.5,812.390625
1,29100,RAINFOREST_RESIN,9995,23,,,,,10002,2,10005,23,,,9998.5,470
1,29100,KELP,2033,23,,,,,2036,23,,,,,2034.5,135.0429688
1,29200,RAINFOREST_RESIN,9996,1,9995,22,,,10004,1,10005,22,,,10000,470
1,29200,KELP,2033,23,,,,,2036,23,,,,,2034.5,135.328125
1,29200,SQUID_INK,1850,23,,,,,1853,1,1854,22,,,1851.5,822.703125
1,29300,KELP,2033,23,,,,,2036,23,,,,,2034.5,135.0273438
1,29300,SQUID_INK,1850,1,1849,22,,,1853,23,,,,,1851.5,781.5078125
1,29300,RAINFOREST_RESIN,9996,1,9995,22,,,10004,1,10005,22,,,10000,470
1,29400,KELP,2033,25,,,,,2036,25,,,,,2034.5,134.7265625
1,29400,SQUID_INK,1851,25,,,,,1854,25,,,,,1852.5,836.03125
1,29400,RAINFOREST_RESIN,9996,2,9995,23,,,10002,4,10004,2,10005,23,9999,470
1,29500,SQUID_INK,1850,19,,,,,1853,20,,,,,1851.5,794.421875
1,29500,RAINFOREST_RESIN,9998,6,9995,20,,,10005,20,,,,,10001.5,470
1,29500,KELP,2033,19,,,,,2036,20,,,,,2034.5,134.125
1,29600,RAINFOREST_RESIN,9996,1,9995,26,,,10000,4,10004,1,10005,26,9998,470
1,29600,KELP,2033,27,,,,,2034,4,2036,27,,,2033.5,134.7460938
1,29600,SQUID_INK,1853,27,,,,,1854,4,1856,27,,,1853.5,931.2578125
1,29700,KELP,2033,23,,,,,2035,8,2036,23,,,2034,133.5351563
1,29700,SQUID_INK,1851,1,1850,22,,,1852,8,1854,23,,,1851.5,827.7890625
1,29700,RAINFOREST_RESIN,9996,1,9995,22,,,10002,7,10004,1,10005,22,9999,470
1,29800,KELP,2035,1,2033,29,,,2036,25,,,,,2035.5,134.046875
1,29800,SQUID_INK,1855,1,1853,29,,,1856,25,,,,,1855.5,937.3125
1,29800,RAINFOREST_RESIN,9995,25,,,,,10005,25,,,,,10000,470
1,29900,SQUID_INK,1854,32,,,,,1857,32,,,,,1855.5,973
1,29900,RAINFOREST_RESIN,9996,2,9995,30,,,10004,2,10005,30,,,10000,490
1,29900,KELP,2033,32,,,,,2036,32,,,,,2034.5,134.6210938
1,30000,RAINFOREST_RESIN,9998,10,9996,2,9995,23,10004,2,10005,23,,,10001,490
1,30000,KELP,2033,29,,,,,2036,25,,,,,2034.5,139.3808594
1,30000,SQUID_INK,1854,29,,,,,1857,25,,,,,1855.5,1004.164063
1,30100,KELP,2033,21,,,,,2036,1,2037,20,,,2034.5,140.0839844
1,30100,SQUID_INK,1853,21,,,,,1856,21,,,,,1854.5,959.71875
1,30100,RAINFOREST_RESIN,9996,1,9995,20,,,10004,1,10005,20,,,10000,490
1,30200,KELP,2033,30,,,,,2036,2,2037,28,,,2034.5,140.8046875
1,30200,SQUID_INK,1851,30,,,,,1854,2,1855,28,,,1852.5,918.0078125
1,30200,RAINFOREST_RESIN,9996,2,9995,28,,,9998,1,10002,8,10004,2,9997,490
1,30300,SQUID_INK,1851,31,,,,,1853,1,1854,31,,,1852,908.4648438
1,30300,RAINFOREST_RESIN,10002,4,9996,2,9995,29,10004,2,10005,29,,,10003,492
1,30300,KELP,2033,31,,,,,2035,1,2036,2,2037,29,2034,140.6660156
1,30400,RAINFOREST_RESIN,9995,30,,,,,10005,30,,,,,10000,500
1,30400,KELP,2035,2,2033,30,,,2037,30,,,,,2036,141.2578125
1,30400,SQUID_INK,1852,2,1850,30,,,1853,30,,,,,1852.5,882.1054688
1,30500,KELP,2034,5,2033,30,,,2037,30,,,,,2035.5,141.4804688
1,30500,SQUID_INK,1852,35,,,,,1855,30,,,,,1853.5,927.5664063
1,30500,RAINFOREST_RESIN,9996,2,9995,28,,,10004,2,10005,28,,,10000,500
1,30600,KELP,2033,32,,,,,2035,7,2036,2,2037,30,2034,141.40625
1,30600,SQUID_INK,1851,2,1850,30,,,1852,7,1854,32,,,1851.5,889.8046875
1,30600,RAINFOREST_RESIN,10002,1,9996,2,9995,30,10004,2,10005,30,,,10003,500
1,30700,SQUID_INK,1851,2,1850,27,,,1854,29,,,,,1852.5,891.8984375
1,30700,RAINFOREST_RESIN,9996,2,9995,27,,,10004,2,10005,27,,,10000,510
1,30700,KELP,2033,29,,,,,2037,29,,,,,2035,141.1796875
1,30800,RAINFOREST_RESIN,9998,8,9996,2,9995,29,10004,2,10005,29,,,10001,510
1,30800,KELP,2033,31,,,,,2036,2,2037,29,,,2034.5,140.5664063
1,30800,SQUID_INK,1849,31,,,,,1852,31,,,,,1850.5,848.5078125
1,30900,KELP,2033,21,,,,,2035,7,2036,21,,,2034,137.4804688
1,30900,RAINFOREST_RESIN,9995,21,,,,,10005,21,,,,,10000,510
1,30900,SQUID_INK,1850,21,,,,,1852,7,1853,21,,,1851,870.53125
1,31000,KELP,2035,6,2033,28,,,2036,28,,,,,2035.5,137.8867188
1,31000,SQUID_INK,1851,6,1849,28,,,1852,2,1853,26,,,1851.5,857.1367188
1,31000,RAINFOREST_RESIN,9996,2,9995,26,,,10002,2,10004,2,10005,26,9999,510
1,31100,RAINFOREST_RESIN,10002,1,9995,23,,,10005,23,,,,,10003.5,510
1,31100,SQUID_INK,1850,14,,,,,1853,23,,,,,1851.5,863.0664063
1,31100,KELP,2033,23,,,,,2034,9,2037,23,,,2033.5,141.9179688
1,31200,RAINFOREST_RESIN,9996,1,9995,21,,,10002,6,10004,1,10005,21,9999,512
1,31200,KELP,2033,21,,,,,2035,8,2037,22,,,2034,155.96875
1,31200,SQUID_INK,1850,21,,,,,1852,8,1853,22,,,1851,871.8398438
1,31300,KELP,2034,2,2033,20,,,2037,22,,,,,2035.5,156.5039063
1,31300,RAINFOREST_RESIN,9996,2,9995,20,,,10004,2,10005,20,,,10000,512
1,31300,SQUID_INK,1851,2,1850,20,,,1854,22,,,,,1852.5,884.2734375
1,31400,KELP,2033,22,,,,,2037,22,,,,,2035,155.8242188
1,31400,SQUID_INK,1851,22,,,,,1855,22,,,,,1853,912.6328125
1,31400,RAINFOREST_RESIN,9995,22,,,,,10005,22,,,,,10000,512
1,31500,RAINFOREST_RESIN,9996,1,9995,21,,,10004,1,10005,21,,,10000,512
1,31500,SQUID_INK,1852,22,,,,,1855,22,,,,,1853.5,936.3007813
1,31500,KELP,2034,1,2033,21,,,2037,22,,,,,2035.5,158.0273438
1,31600,RAINFOREST_RESIN,9995,24,,,,,9998,3,10005,24,,,9996.5,512
1,31600,KELP,2033,24,,,,,2037,24,,,,,2035,158.3320313
1,31600,SQUID_INK,1851,24,,,,,1854,24,,,,,1852.5,895.4921875
1,31700,KELP,2033,29,,,,,2037,29,,,,,2035,156.5273438
1,31700,RAINFOREST_RESIN,9995,29,,,,,10002,3,10005,29,,,9998.5,518
1,31700,SQUID_INK,1852,29,,,,,1856,29,,,,,1854,944.3398438
1,31800,KELP,2035,2,2033,24,,,2037,24,,,,,2036,154.9804688
1,31800,SQUID_INK,1850,2,1849,24,,,1852,24,,,,,1851,833.7734375
1,31800,RAINFOREST_RESIN,9996,2,9995,22,,,10002,2,10004,2,10005,22,9999,530
1,31900,RAINFOREST_RESIN,9996,2,9995,26,,,10004,2,10005,26,,,10000,530
1,31900,SQUID_INK,1848,8,1847,26,,,1851,28,,,,,1849.5,793.6757813
1,31900,KELP,2034,6,2033,28,,,2037,28,,,,,2035.5,153.1054688
1,32000,RAINFOREST_RESIN,9996,2,9995,20,,,10002,10,10004,2,10005,20,9999,530
1,32000,SQUID_INK,1847,22,,,,,1850,22,,,,,1848.5,775.0664063
1,32000,KELP,2033,22,,,,,2037,22,,,,,2035,149.9609375
1,32100,KELP,2033,25,,,,,2037,25,,,,,2035,146.3398438
1,32100,RAINFOREST_RESIN,9998,9,9995,25,,,10005,25,,,,,10001.5,530
1,32100,SQUID_INK,1848,25,,,,,1851,25,,,,,1849.5,795.53125
1,32200,SQUID_INK,1846,25,,,,,1849,25,,,,,1847.5,749.9375
1,32200,KELP,2033,25,,,,,2036,1,2037,24,,,2034.5,150.0664063
1,32200,RAINFOREST_RESIN,9996,1,9995,24,,,10002,5,10004,1,10005,24,9999,530
1,32300,RAINFOREST_RESIN,10000,3,9996,2,9995,30,10004,2,10005,30,,,10002,530
1,32300,SQUID_INK,1847,3,1846,32,,,1849,32,,,,,1848,752.3632813
1,32300,KELP,2034,3,2033,32,,,2037,32,,,,,2035.5,152.1992188
1,32400,RAINFOREST_RESIN,9998,2,9995,29,,,10005,29,,,,,10001.5,530
1,32400,SQUID_INK,1846,29,,,,,1849,29,,,,,1847.5,744.4765625
1,32400,KELP,2033,29,,,,,2037,29,,,,,2035,154.0234375
1,32500,KELP,2034,3,2033,24,,,2037,26,,,,,2035.5,157.984375
1,32500,RAINFOREST_RESIN,10002,1,9996,2,9995,24,10004,2,10005,24,,,10003,530
1,32500,SQUID_INK,1846,1,1845,26,,,1848,2,1849,24,,,1847,727.3125
1,32600,SQUID_INK,1843,28,,,,,1846,28,,,,,1844.5,668.8984375
1,32600,KELP,2034,2,2033,26,,,2037,28,,,,,2035.5,165.9960938
1,32600,RAINFOREST_RESIN,9998,1,9996,2,9995,26,10004,2,10005,26,,,10001,532
1,32700,RAINFOREST_RESIN,9996,2,9995,30,,,10004,2,10005,30,,,10000,532
1,32700,SQUID_INK,1839,32,,,,,1842,32,,,,,1840.5,573.0078125
1,32700,KELP,2034,32,,,,,2037,32,,,,,2035.5,167.765625
1,32800,RAINFOREST_RESIN,9995,29,,,,,10005,29,,,,,10000,532
1,32800,SQUID_INK,1838,29,,,,,1841,29,,,,,1839.5,549.171875
1,32800,KELP,2034,29,,,,,2037,29,,,,,2035.5,168.1875
1,32900,KELP,2034,21,,,,,2037,21,,,,,2035.5,167.765625
1,32900,RAINFOREST_RESIN,9996,1,9995,20,,,10002,10,10004,1,10005,20,9999,532
1,32900,SQUID_INK,1834,21,,,,,1837,21,,,,,1835.5,463.609375
1,33000,SQUID_INK,1837,28,,,,,1839,4,1840,28,,,1838,530.2070313
1,33000,KELP,2034,28,,,,,2036,4,2037,28,,,2035,168.171875
1,33000,RAINFOREST_RESIN,9998,2,9995,28,,,10005,28,,,,,10001.5,532
1,33100,RAINFOREST_RESIN,9996,1,9995,25,,,10004,1,10005,25,,,10000,532
1,33100,SQUID_INK,1836,26,,,,,1839,26,,,,,1837.5,499.8398438
1,33100,KELP,2034,1,2033,25,,,2037,26,,,,,2035.5,163.359375
1,33200,RAINFOREST_RESIN,9996,1,9995,23,,,10004,1,10005,23,,,10000,532
1,33200,SQUID_INK,1835,24,,,,,1837,5,1838,24,,,1836,485.3789063
1,33200,KELP,2034,1,2033,23,,,2035,5,2037,24,,,2034.5,162.0859375
1,33300,KELP,2034,31,,,,,2037,31,,,,,2035.5,165.75
1,33300,RAINFOREST_RESIN,9996,1,9995,30,,,10002,1,10004,1,10005,30,9999,532
1,33300,SQUID_INK,1833,31,,,,,1836,31,,,,,1834.5,435.7109375
1,33400,SQUID_INK,1833,20,,,,,1835,2,1836,20,,,1834,442.5195313
1,33400,KELP,2034,20,,,,,2036,2,2037,20,,,2035,166.0546875
1,33400,RAINFOREST_RESIN,9995,20,,,,,10005,20,,,,,10000,532
1,33500,RAINFOREST_RESIN,9996,2,9995,21,,,10002,4,10004,2,10005,21,9999,532
1,33500,SQUID_INK,1840,23,,,,,1843,23,,,,,1841.5,604.3203125
1,33500,KELP,2034,2,2033,21,,,2037,23,,,,,2035.5,165.1484375
1,33600,RAINFOREST_RESIN,9995,27,,,,,9998,2,10005,27,,,9996.5,532
1,33600,SQUID_INK,1843,27,,,,,1846,27,,,,,1844.5,672.6640625
1,33600,KELP,2033,27,,,,,2037,27,,,,,2035,165.1484375
1,33700,KELP,2034,1,2033,25,,,2036,6,2037,26,,,2035,165.15625
1,33700,RAINFOREST_RESIN,9996,1,9995,25,,,10004,1,10005,25,,,10000,536
1,33700,SQUID_INK,1842,26,,,,,1844,6,1845,26,,,1843,661.4765625
1,33800,SQUID_INK,1845,21,,,,,1848,21,,,,,1846.5,746.1953125
1,33800,KELP,2033,21,,,,,2037,21,,,,,2035,165.15625
1,33800,RAINFOREST_RESIN,9995,21,,,,,10002,4,10005,21,,,9998.5,536
1,33900,RAINFOREST_RESIN,9996,1,9995,27,,,10004,1,10005,27,,,10000,536
1,33900,SQUID_INK,1845,28,,,,,1848,28,,,,,1846.5,741.6679688
1,33900,KELP,2034,28,,,,,2037,28,,,,,2035.5,167.3007813
1,34000,RAINFOREST_RESIN,9996,2,9995,28,,,10004,2,10005,28,,,10000,580
1,34000,SQUID_INK,1848,1,1846,30,,,1849,30,,,,,1848.5,765.6445313
1,34000,KELP,2036,1,2034,2,2033,28,2037,30,,,,,2036.5,165.5078125
1,34100,KELP,2034,27,,,,,2037,27,,,,,2035.5,166.5742188
1,34100,RAINFOREST_RESIN,9996,2,9995,25,,,10004,2,10005,25,,,10000,580
1,34100,SQUID_INK,1845,27,,,,,1848,2,1849,25,,,1846.5,753.1132813
1,34200,SQUID_INK,1847,32,,,,,1850,32,,,,,1848.5,791.4609375
1,34200,KELP,2034,2,2033,30,,,2037,32,,,,,2035.5,165.6875
1,34200,RAINFOREST_RESIN,9996,2,9995,30,,,10002,2,10004,2,10005,30,9999,580
1,34300,RAINFOREST_RESIN,9996,1,9995,28,,,10004,1,10005,28,,,10000,580
1,34300,SQUID_INK,1846,28,,,,,1849,29,,,,,1847.5,779.578125
1,34300,KELP,2034,28,,,,,2037,29,,,,,2035.5,166.8828125
1,34400,RAINFOREST_RESIN,9996,2,9995,28,,,10004,2,10005,28,,,10000,580
1,34400,SQUID_INK,1846,30,,,,,1849,30,,,,,1847.5,780.2617188
1,34400,KELP,2034,2,2033,28,,,2037,30,,,,,2035.5,166.3007813
1,34500,KELP,2034,24,,,,,2037,24,,,,,2035.5,166.5898438
1,34500,RAINFOREST_RESIN,9996,2,9995,22,,,10004,2,10005,22,,,10000,580
1,34500,SQUID_INK,1844,24,,,,,1847,24,,,,,1845.5,723.015625
1,34600,SQUID_INK,1846,24,,,,,1849,24,,,,,1847.5,764.5078125
1,34600,KELP,2034,24,,,,,2037,24,,,,,2035.5,168.6132813
1,34600,RAINFOREST_RESIN,9995,24,,,,,10005,24,,,,,10000,580
1,34700,SQUID_INK,1847,32,,,,,1850,25,,,,,1848.5,792.4570313
1,34700,KELP,2034,32,,,,,2037,25,,,,,2035.5,178.1464844
1,34700,RAINFOREST_RESIN,9996,2,9995,23,,,10004,2,10005,23,,,10000,580
1,34800,SQUID_INK,1846,14,,,,,1849,24,,,,,1847.5,779.2519531
1,34800,RAINFOREST_RESIN,9998,3,9996,2,9995,22,10004,2,10005,22,,,10001,580
1,34800,KELP,2034,14,,,,,2037,24,,,,,2035.5,179.5214844
1,34900,KELP,2034,24,,,,,2037,24,,,,,2035.5,180.75
1,34900,RAINFOREST_RESIN,9995,24,,,,,10005,24,,,,,10000,580
1,34900,SQUID_INK,1844,24,,,,,1848,24,,,,,1846,753.9355469
1,35000,SQUID_INK,1844,29,,,,,1847,29,,,,,1845.5,749.3652344
1,35000,RAINFOREST_RESIN,9995,29,,,,,10005,29,,,,,10000,580
1,35000,KELP,2034,29,,,,,2037,29,,,,,2035.5,183.1210938
1,35100,SQUID_INK,1844,23,,,,,1847,23,,,,,1845.5,743.1894531
1,35100,KELP,2034,23,,,,,2037,23,,,,,2035.5,183.265625
1,35100,RAINFOREST_RESIN,9996,2,9995,21,,,10004,2,10005,21,,,10000,580
1,35200,SQUID_INK,1844,24,,,,,1846,3,1847,24,,,1845,750.3476563
1,35200,RAINFOREST_RESIN,9995,24,,,,,10005,24,,,,,10000,580
1,35200,KELP,2034,24,,,,,2036,3,2037,24,,,2035,184.1523438
1,35300,KELP,2034,31,,,,,2037,23,,,,,2035.5,184.15625
1,35300,SQUID_INK,1845,31,,,,,1848,23,,,,,1846.5,761.5507813
1,35300,RAINFOREST_RESIN,9998,8,9996,1,9995,22,10004,1,10005,22,,,10001,580
1,35400,RAINFOREST_RESIN,10002,1,9996,2,9995,25,10004,2,10005,25,,,10003,580
1,35400,KELP,2034,27,,,,,2037,2,2038,25,,,2035.5,185.2265625
1,35400,SQUID_INK,1844,27,,,,,1847,27,,,,,1845.5,745.2148438
1,35500,KELP,2034,29,,,,,2037,29,,,,,2035.5,183.3867188
1,35500,SQUID_INK,1845,29,,,,,1848,29,,,,,1846.5,764.78125
1,35500,RAINFOREST_RESIN,9996,2,9995,27,,,10004,2,10005,27,,,10000,582
1,35600,SQUID_INK,1844,24,,,,,1847,24,,,,,1845.5,748.984375
1,35600,RAINFOREST_RESIN,9996,1,9995,23,,,10002,3,10004,1,10005,23,9999,582
1,35600,KELP,2034,24,,,,,2037,24,,,,,2035.5,177.1992188
1,35700,KELP,2034,2,2033,29,,,2037,31,,,,,2035.5,174.2617188
1,35700,SQUID_INK,1842,31,,,,,1845,31,,,,,1843.5,713.5429688
1,35700,RAINFOREST_RESIN,9996,2,9995,29,,,10002,9,10004,2,10005,29,9999,582
1,35800,RAINFOREST_RESIN,9996,2,9995,21,,,10004,2,10005,21,,,10000,582
1,35800,KELP,2034,29,,,,,2037,23,,,,,2035.5,184.3945313
1,35800,SQUID_INK,1843,29,,,,,1846,23,,,,,1844.5,723.3808594
1,35900,KELP,2034,30,,,,,2037,30,,,,,2035.5,184.6796875
1,35900,SQUID_INK,1839,30,,,,,1842,2,1843,28,,,1840.5,697.8876953
1,35900,RAINFOREST_RESIN,9996,2,9995,28,,,10004,2,10005,28,,,10000,582
1,36000,SQUID_INK,1841,30,,,,,1842,2,1843,2,1844,30,1841.5,710.7519531
1,36000,RAINFOREST_RESIN,9995,30,,,,,10000,2,10002,9,10005,30,9997.5,582
1,36000,KELP,2034,30,,,,,2035,2,2036,2,2037,30,2034.5,184.609375
1,36100,KELP,2034,23,,,,,2036,6,2037,23,,,2035,185.4453125
1,36100,SQUID_INK,1841,23,,,,,1843,6,1844,23,,,1842,708.1191406
1,36100,RAINFOREST_RESIN,9998,7,9996,2,9995,21,10004,2,10005,21,,,10001,582
1,36200,RAINFOREST_RESIN,9998,5,9996,1,9995,29,10004,1,10005,29,,,10001,582
1,36200,KELP,2034,30,,,,,2037,30,,,,,2035.5,179.4765625
1,36200,SQUID_INK,1842,30,,,,,1845,30,,,,,1843.5,720.2089844
1,36300,SQUID_INK,1843,31,,,,,1846,31,,,,,1844.5,725.5703125
1,36300,KELP,2034,31,,,,,2037,31,,,,,2035.5,182.2304688
1,36300,RAINFOREST_RESIN,9996,1,9995,30,,,10004,1,10005,30,,,10000,582
1,36400,SQUID_INK,1842,30,,,,,1845,29,,,,,1843.5,719.6171875
1,36400,RAINFOREST_RESIN,9996,1,9995,28,,,10002,8,10004,1,10005,28,9999,582
1,36400,KELP,2034,30,,,,,2037,29,,,,,2035.5,183.9453125
1,36500,SQUID_INK,1843,28,,,,,1846,29,,,,,1844.5,730.3417969
1,36500,KELP,2034,28,,,,,2037,29,,,,,2035.5,184.109375
1,36500,RAINFOREST_RESIN,9996,2,9995,27,,,10004,2,10005,27,,,10000,582
1,36600,RAINFOREST_RESIN,9996,1,9995,30,,,10000,2,10004,1,10005,30,9998,582
1,36600,KELP,2034,31,,,,,2035,2,2037,31,,,2034.5,183.7890625
1,36600,SQUID_INK,1841,31,,,,,1842,2,1844,31,,,1841.5,712.7070313
1,36700,SQUID_INK,1842,22,,,,,1845,22,,,,,1843.5,722.3984375
1,36700,KELP,2034,22,,,,,2037,22,,,,,2035.5,184.9570313
1,36700,RAINFOREST_RESIN,10002,1,9996,1,9995,21,10004,1,10005,21,,,10003,582
1,36800,SQUID_INK,1844,2,1843,23,,,1847,25,,,,,1845.5,739
1,36800,RAINFOREST_RESIN,9996,2,9995,23,,,10004,2,10005,23,,,10000,584
1,36800,KELP,2034,25,,,,,2037,25,,,,,2035.5,184.7617188
1,36900,SQUID_INK,1845,22,,,,,1848,22,,,,,1846.5,754.3515625
1,36900,KELP,2034,22,,,,,2037,22,,,,,2035.5,184.5664063
1,36900,RAINFOREST_RESIN,9998,6,9995,22,,,10005,22,,,,,10001.5,584
1,37000,RAINFOREST_RESIN,9996,2,9995,20,,,10004,2,10005,20,,,10000,584
1,37000,KELP,2034,22,,,,,2037,22,,,,,2035.5,184.75
1,37000,SQUID_INK,1844,22,,,,,1847,22,,,,,1845.5,740.2265625
1,37100,SQUID_INK,1845,5,1844,24,,,1847,24,,,,,1846,739.7558594
1,37100,KELP,2035,5,2034,24,,,2037,24,,,,,2036,184.15625
1,37100,RAINFOREST_RESIN,10000,5,9995,24,,,10005,24,,,,,10002.5,584
1,37200,SQUID_INK,1844,29,,,,,1847,29,,,,,1845.5,747.439209
1,37200,RAINFOREST_RESIN,9996,2,9995,27,,,10004,2,10005,27,,,10000,584
1,37200,KELP,2034,29,,,,,2037,29,,,,,2035.5,188.140625
1,37300,SQUID_INK,1840,23,,,,,1842,4,1843,23,,,1841,740.4838867
1,37300,KELP,2034,23,,,,,2036,4,2037,23,,,2035,188.3398438
1,37300,RAINFOREST_RESIN,9996,1,9995,22,,,10004,1,10005,22,,,10000,584
1,37400,RAINFOREST_RESIN,9995,22,,,,,10005,22,,,,,10000,592
1,37400,KELP,2034,26,,,,,2037,22,,,,,2035.5,186.6230469
1,37400,SQUID_INK,1842,26,,,,,1845,22,,,,,1843.5,748.5390625
1,37500,KELP,2035,5,2034,31,,,2037,31,,,,,2036,185.4824219
1,37500,SQUID_INK,1844,5,1843,31,,,1846,31,,,,,1845,756.1582031
1,37500,RAINFOREST_RESIN,10000,5,9996,1,9995,30,10004,1,10005,30,,,10002,592
1,37600,KELP,2034,25,,,,,2036,5,2037,25,,,2035,185.1992188
1,37600,SQUID_INK,1845,25,,,,,1847,5,1848,25,,,1846,755.6721191
1,37600,RAINFOREST_RESIN,9996,1,9995,24,,,10004,1,10005,24,,,10000,592
1,37700,SQUID_INK,1844,20,,,,,1847,20,,,,,1845.5,753.7851563
1,37700,RAINFOREST_RESIN,10002,1,9995,20,,,10005,20,,,,,10003.5,628
1,37700,KELP,2034,20,,,,,2037,20,,,,,2035.5,186.9648438
1,37800,RAINFOREST_RESIN,9996,2,9995,23,,,10004,2,10005,23,,,10000,630
1,37800,KELP,2034,25,,,,,2037,25,,,,,2035.5,186.125
1,37800,SQUID_INK,1848,25,,,,,1851,25,,,,,1849.5,786.5117188
1,37900,KELP,2034,29,,,,,2037,29,,,,,2035.5,187.78125
1,37900,SQUID_INK,1848,29,,,,,1851,29,,,,,1849.5,790.0537109
1,37900,RAINFOREST_RESIN,9996,2,9995,27,,,10004,2,10005,27,,,10000,630
1,38000,KELP,2034,30,,,,,2037,30,,,,,2035.5,189.9023438
1,38000,SQUID_INK,1848,30,,,,,1852,30,,,,,1850,794.2744141
1,38000,RAINFOREST_RESIN,9998,3,9995,30,,,10005,30,,,,,10001.5,630
1,38100,SQUID_INK,1848,29,,,,,1850,4,1851,29,,,1849,790.9658203
1,38100,RAINFOREST_RESIN,9998,4,9996,1,9995,28,10004,1,10005,28,,,10001,630
1,38100,KELP,2034,29,,,,,2036,4,2037,29,,,2035,189.3632813
1,38200,RAINFOREST_RESIN,9998,4,9996,2,9995,29,10004,2,10005,29,,,10001,630
1,38200,KELP,2034,31,,,,,2037,31,,,,,2035.5,188.8359375
1,38200,SQUID_INK,1848,31,,,,,1851,31,,,,,1849.5,784.9746094
1,38300,KELP,2034,27,,,,,2037,22,,,,,2035.5,189.9335938
1,38300,SQUID_INK,1849,27,,,,,1852,22,,,,,1850.5,803.0234375
1,38300,RAINFOREST_RESIN,9995,22,,,,,10005,22,,,,,10000,630
1,38400,KELP,2034,27,,,,,2037,31,,,,,2035.5,190.9921875
1,38400,SQUID_INK,1849,29,,,,,1850,2,1853,31,,,1849.5,808.1503906
1,38400,RAINFOREST_RESIN,9996,2,9995,29,,,10004,2,10005,29,,,10000,630
1,38500,SQUID_INK,1850,24,,,,,1853,24,,,,,1851.5,816.2050781
1,38500,RAINFOREST_RESIN,9996,2,9995,22,,,10004,2,10005,22,,,10000,630
1,38500,KELP,2034,24,,,,,2037,24,,,,,2035.5,192.5742188
1,38600,RAINFOREST_RESIN,10002,1,9996,2,9995,29,10004,2,10005,29,,,10003,630
1,38600,KELP,2034,31,,,,,2037,31,,,,,2035.5,190.375
1,38600,SQUID_INK,1850,31,,,,,1853,31,,,,,1851.5,817.0292969
1,38700,KELP,2034,21,,,,,2037,22,,,,,2035.5,192.2070313
1,38700,SQUID_INK,1850,21,,,,,1853,22,,,,,1851.5,818.9707031
1,38700,RAINFOREST_RESIN,9996,2,9995,20,,,10004,2,10005,20,,,10000,632
1,38800,KELP,2034,27,,,,,2036,2,2037,27,,,2035,193.2851563
1,38800,SQUID_INK,1850,27,,,,,1852,2,1853,27,,,1851,820.0820313
1,38800,RAINFOREST_RESIN,9996,2,9995,25,,,10004,2,10005,25,,,10000,656
1,38900,SQUID_INK,1851,25,,,,,1854,25,,,,,1852.5,831.3417969
1,38900,RAINFOREST_RESIN,9996,2,9995,23,,,10004,2,10005,23,,,10000,656
1,38900,KELP,2034,25,,,,,2037,25,,,,,2035.5,191.1757813
1,39000,RAINFOREST_RESIN,9996,1,9995,23,,,10000,3,10004,1,10005,23,9998,656
1,39000,KELP,2034,24,,,,,2035,3,2036,6,2037,24,2034.5,196.109375
1,39000,SQUID_INK,1852,1,1851,23,,,1853,9,1855,24,,,1852.5,839.7558594
1,39100,KELP,2034,38,,,,,2037,30,,,,,2035.5,197.5664063
1,39100,SQUID_INK,1850,38,,,,,1853,30,,,,,1851.5,800.7617188
1,39100,RAINFOREST_RESIN,9996,2,9995,28,,,9998,3,10004,2,10005,28,9997,656
1,39200,KELP,2034,26,,,,,2035,4,2037,21,,,2034.5,196.6796875
1,39200,SQUID_INK,1849,26,,,,,1850,4,1852,21,,,1849.5,774.46875
1,39200,RAINFOREST_RESIN,9995,21,,,,,10000,4,10005,21,,,9997.5,662
1,39300,SQUID_INK,1849,24,,,,,1853,24,,,,,1851,798.2929688
1,39300,RAINFOREST_RESIN,9995,24,,,,,10005,24,,,,,10000,670
1,39300,KELP,2034,24,,,,,2037,24,,,,,2035.5,201.765625
1,39400,RAINFOREST_RESIN,9995,21,,,,,10005,21,,,,,10000,670
1,39400,KELP,2034,21,,,,,2038,21,,,,,2036,204.890625
1,39400,SQUID_INK,1848,21,,,,,1851,21,,,,,1849.5,744.234375
1,39500,KELP,2034,29,,,,,2036,3,2037,29,,,2035,201.4765625
1,39500,SQUID_INK,1847,29,,,,,1849,3,1851,29,,,1848,738.25
1,39500,RAINFOREST_RESIN,9995,29,,,,,10005,29,,,,,10000,670
1,39600,SQUID_INK,1849,31,,,,,1852,31,,,,,1850.5,789.5546875
1,39600,KELP,2034,31,,,,,2037,31,,,,,2035.5,202.1875
1,39600,RAINFOREST_RESIN,9996,1,9995,30,,,10004,1,10005,30,,,10000,670
1,39700,RAINFOREST_RESIN,9996,1,9995,29,,,10000,6,10004,1,10005,29,9998,670
1,39700,SQUID_INK,1849,29,,,,,1850,6,1852,30,,,1849.5,787.2304688
1,39700,KELP,2034,29,,,,,2035,6,2037,30,,,2034.5,202.1875
1,39800,RAINFOREST_RESIN,9996,2,9995,22,,,9998,1,10004,2,10005,22,9997,670
1,39800,KELP,2034,24,,,,,2037,24,,,,,2035.5,202.9609375
1,39800,SQUID_INK,1849,24,,,,,1852,24,,,,,1850.5,778.8007813
1,39900,KELP,2034,29,,,,,2036,7,2037,29,,,2035,198.515625
1,39900,RAINFOREST_RESIN,9998,10,9996,1,9995,28,10004,1,10005,28,,,10001,672
1,39900,SQUID_INK,1849,29,,,,,1851,7,1853,29,,,1850,796.5117188
1,40000,KELP,2034,26,,,,,2037,26,,,,,2035.5,194.8828125
1,40000,SQUID_INK,1849,26,,,,,1852,26,,,,,1850.5,775.7070313
1,40000,RAINFOREST_RESIN,10002,11,9996,1,9995,25,10004,1,10005,25,,,10003,672
1,40100,RAINFOREST_RESIN,9995,30,,,,,10005,30,,,,,10000,694
1,40100,SQUID_INK,1851,30,,,,,1853,4,1854,30,,,1852,843.8046875
1,40100,KELP,2034,30,,,,,2036,4,2037,30,,,2035,208.9375
1,40200,RAINFOREST_RESIN,9996,1,9995,24,,,10002,7,10004,1,10005,24,9999,694
1,40200,KELP,2034,25,,,,,2037,25,,,,,2035.5,214.515625
1,40200,SQUID_INK,1851,25,,,,,1854,25,,,,,1852.5,852.2890625
1,40300,KELP,2034,30,,,,,2037,30,,,,,2035.5,211.5234375
1,40300,RAINFOREST_RESIN,10002,4,9996,1,9995,29,10004,1,10005,29,,,10003,694
1,40300,SQUID_INK,1851,30,,,,,1854,30,,,,,1852.5,839.9179688
1,40400,KELP,2034,25,,,,,2037,25,,,,,2035.5,207.7421875
1,40400,SQUID_INK,1852,25,,,,,1855,25,,,,,1853.5,858.9609375
1,40400,RAINFOREST_RESIN,9996,2,9995,23,,,10004,2,10005,23,,,10000,702
1,40500,RAINFOREST_RESIN,9996,1,9995,21,,,10004,1,10005,21,,,10000,702
1,40500,SQUID_INK,1851,22,,,,,1854,22,,,,,1852.5,836.1640625
1,40500,KELP,2034,22,,,,,2037,22,,,,,2035.5,207.7578125
1,40600,RAINFOREST_RESIN,10002,1,9995,28,,,10005,28,,,,,10003.5,702
1,40600,KELP,2034,28,,,,,2037,28,,,,,2035.5,213.109375
1,40600,SQUID_INK,1851,28,,,,,1854,28,,,,,1852.5,846.9277344
1,40700,KELP,2036,1,2034,36,,,2037,30,,,,,2036.5,212.828125
1,40700,RAINFOREST_RESIN,9998,10,9996,1,9995,29,10004,1,10005,29,,,10001,704
1,40700,SQUID_INK,1854,1,1853,6,1852,30,1856,30,,,,,1855,866.84375
1,40800,SQUID_INK,1852,21,,,,,1855,21,,,,,1853.5,861.6425781
1,40800,KELP,2034,21,,,,,2037,21,,,,,2035.5,214.484375
1,40800,RAINFOREST_RESIN,9995,21,,,,,10005,21,,,,,10000,704
1,40900,RAINFOREST_RESIN,9998,2,9995,25,,,10005,25,,,,,10001.5,704
1,40900,SQUID_INK,1852,3,1851,25,,,1855,25,,,,,1853.5,857.7832031
1,40900,KELP,2034,28,,,,,2037,25,,,,,2035.5,211.1484375
1,41000,RAINFOREST_RESIN,9998,10,9996,1,9995,20,10000,2,10004,1,10005,20,9999,704
1,41000,SQUID_INK,1852,21,,,,,1853,2,1854,7,1855,21,1852.5,861.4570313
1,41000,KELP,2034,1,2033,20,,,2035,2,2036,7,2037,21,2034.5,203.2109375
1,41100,KELP,2034,25,,,,,2037,25,,,,,2035.5,207.765625
1,41100,RAINFOREST_RESIN,9996,2,9995,23,,,10004,2,10005,23,,,10000,704
1,41100,SQUID_INK,1851,25,,,,,1854,25,,,,,1852.5,843.71875
1,41200,SQUID_INK,1852,20,,,,,1855,20,,,,,1853.5,856.078125
1,41200,KELP,2034,20,,,,,2037,20,,,,,2035.5,207.7460938
1,41200,RAINFOREST_RESIN,9995,20,,,,,10005,20,,,,,10000,704
1,41300,RAINFOREST_RESIN,9995,27,,,,,10005,27,,,,,10000,704
1,41300,SQUID_INK,1856,35,,,,,1859,27,,,,,1857.5,933.5390625
1,41300,KELP,2034,35,,,,,2037,27,,,,,2035.5,205.8828125
1,41400,RAINFOREST_RESIN,9996,1,9995,29,,,10004,1,10005,29,,,10000,704
1,41400,SQUID_INK,1855,30,,,,,1858,30,,,,,1856.5,911.5234375
1,41400,KELP,2034,30,,,,,2037,30,,,,,2035.5,204.6757813
1,41500,KELP,2034,38,,,,,2037,31,,,,,2035.5,205.2890625
1,41500,RAINFOREST_RESIN,9996,2,9995,29,,,10004,2,10005,29,,,10000,704
1,41500,SQUID_INK,1854,38,,,,,1857,31,,,,,1855.5,893.2226563
1,41600,SQUID_INK,1853,26,,,,,1856,26,,,,,1854.5,884.3476563
1,41600,KELP,2034,26,,,,,2037,26,,,,,2035.5,206.515625
1,41600,RAINFOREST_RESIN,9995,26,,,,,10005,26,,,,,10000,704
1,41700,RAINFOREST_RESIN,9995,23,,,,,10005,23,,,,,10000,704
1,41700,SQUID_INK,1859,2,1857,23,,,1860,23,,,,,1859.5,960.84375
1,41700,KELP,2036,2,2034,23,,,2038,23,,,,,2037,222.3242188
1,41800,RAINFOREST_RESIN,9996,1,9995,21,,,10004,1,10005,21,,,10000,704
1,41800,SQUID_INK,1857,21,,,,,1860,22,,,,,1858.5,954.1777344
1,41800,KELP,2034,21,,,,,2037,1,2038,21,,,2035.5,223.1757813
1,41900,KELP,2034,28,,,,,2038,28,,,,,2036,225.40625
1,41900,RAINFOREST_RESIN,9995,28,,,,,10002,8,10005,28,,,9998.5,704
1,41900,SQUID_INK,1855,28,,,,,1859,28,,,,,1857,930.4726563
1,42000,SQUID_INK,1857,28,,,,,1860,28,,,,,1858.5,951.2089844
1,42000,KELP,2034,28,,,,,2037,1,2038,27,,,2035.5,222.3164063
1,42000,RAINFOREST_RESIN,9996,1,9995,27,,,9998,1,10004,1,10005,27,9997,704
1,42100,RAINFOREST_RESIN,10002,2,9995,22,,,10005,22,,,,,10003.5,706
1,42100,SQUID_INK,1857,29,,,,,1860,22,,,,,1858.5,952.515625
1,42100,KELP,2035,7,2034,22,,,2038,22,,,,,2036.5,223.9765625
1,42200,RAINFOREST_RESIN,9995,22,,,,,10005,22,,,,,10000,710
1,42200,SQUID_INK,1858,22,,,,,1861,22,,,,,1859.5,977.3125
1,42200,KELP,2034,22,,,,,2038,22,,,,,2036,224.25
1,42300,KELP,2034,22,,,,,2038,22,,,,,2036,223.6835938
1,42300,RAINFOREST_RESIN,9996,2,9995,20,,,10004,2,10005,20,,,10000,710
1,42300,SQUID_INK,1860,22,,,,,1863,22,,,,,1861.5,1008.929688
1,42400,SQUID_INK,1859,28,,,,,1862,2,1863,26,,,1860.5,996.0292969
1,42400,KELP,2034,28,,,,,2037,2,2038,26,,,2035.5,223.0585938
1,42400,RAINFOREST_RESIN,9996,2,9995,26,,,10002,2,10004,2,10005,26,9999,710
1,42500,RAINFOREST_RESIN,9995,24,,,,,10005,24,,,,,10000,710
1,42500,SQUID_INK,1860,24,,,,,1861,2,1863,24,,,1860.5,1002.933594
1,42500,KELP,2034,24,,,,,2036,2,2038,24,,,2035,223.3203125
1,42600,RAINFOREST_RESIN,9995,28,,,,,10005,28,,,,,10000,710
1,42600,SQUID_INK,1860,1,1858,28,,,1861,28,,,,,1860.5,975.8046875
1,42600,KELP,2036,1,2034,28,,,2038,28,,,,,2037,223.3085938
1,42700,KELP,2034,24,,,,,2037,1,2038,23,,,2035.5,223.484375
1,42700,RAINFOREST_RESIN,9996,1,9995,23,,,10004,1,10005,23,,,10000,710
1,42700,SQUID_INK,1860,24,,,,,1863,24,,,,,1861.5,1010.074219
1,42800,SQUID_INK,1858,29,,,,,1859,2,1861,29,,,1858.5,970.4960938
1,42800,KELP,2034,29,,,,,2035,2,2038,29,,,2034.5,222.6367188
1,42800,RAINFOREST_RESIN,9995,29,,,,,10000,2,10005,29,,,9997.5,710
1,42900,RAINFOREST_RESIN,10002,5,9995,20,,,10005,20,,,,,10003.5,710
1,42900,SQUID_INK,1860,20,,,,,1863,20,,,,,1861.5,1017.269531
1,42900,KELP,2034,20,,,,,2038,20,,,,,2036,228.1953125
1,43000,RAINFOREST_RESIN,9996,1,9995,26,,,10002,6,10004,1,10005,26,9999,720
1,43000,SQUID_INK,1864,27,,,,,1867,27,,,,,1865.5,1091.75
1,43000,KELP,2034,27,,,,,2037,1,2038,26,,,2035.5,223.6210938
1,43100,KELP,2034,25,,,,,2037,1,2038,24,,,2035.5,226.0273438
1,43100,RAINFOREST_RESIN,9998,9,9996,1,9995,24,10004,1,10005,24,,,10001,720
1,43100,SQUID_INK,1865,1,1864,24,,,1868,25,,,,,1866.5,1109.035156
1,43200,SQUID_INK,1863,31,,,,,1866,31,,,,,1864.5,1075.042969
1,43200,KELP,2034,31,,,,,2037,2,2038,29,,,2035.5,225.7148438
1,43200,RAINFOREST_RESIN,9996,2,9995,29,,,10002,5,10004,2,10005,29,9999,720
1,43300,RAINFOREST_RESIN,9998,10,9995,20,,,10005,20,,,,,10001.5,724
1,43300,SQUID_INK,1864,1,1861,20,,,1865,20,,,,,1864.5,1045.761719
1,43300,KELP,2036,1,2034,20,,,2038,20,,,,,2037,223.8984375
1,43400,RAINFOREST_RESIN,9996,2,9995,22,,,10004,2,10005,22,,,10000,724
1,43400,SQUID_INK,1860,24,,,,,1863,24,,,,,1861.5,1020.828125
1,43400,KELP,2034,24,,,,,2038,24,,,,,2036,227.0195313
1,43500,KELP,2035,6,2034,25,,,2038,25,,,,,2036.5,227.6367188
1,43500,RAINFOREST_RESIN,9996,1,9995,24,,,10002,7,10004,1,10005,24,9999,724
1,43500,SQUID_INK,1861,31,,,,,1864,25,,,,,1862.5,1035.222656
1,43600,SQUID_INK,1853,22,,,,,1855,1,1856,22,,,1854,872.5390625
1,43600,RAINFOREST_RESIN,9995,22,,,,,10002,5,10005,22,,,9998.5,724
1,43600,KELP,2034,22,,,,,2036,1,2038,22,,,2035,223.8515625
1,43700,SQUID_INK,1853,30,,,,,1856,30,,,,,1854.5,880.921875
1,43700,KELP,2034,30,,,,,2037,1,2038,29,,,2035.5,224.1367188
1,43700,RAINFOREST_RESIN,9996,1,9995,29,,,10002,6,10004,1,10005,29,9999,724
1,43800,SQUID_INK,1853,1,1852,22,,,1856,23,,,,,1854.5,866.4726563
1,43800,RAINFOREST_RESIN,9996,1,9995,22,,,10004,1,10005,22,,,10000,724
1,43800,KELP,2034,23,,,,,2037,1,2038,22,,,2035.5,225.6328125
1,43900,KELP,2034,32,,,,,2037,26,,,,,2035.5,227.71875
1,43900,RAINFOREST_RESIN,9996,2,9995,24,,,10002,2,10004,2,10005,24,9999,724
1,43900,SQUID_INK,1852,32,,,,,1855,26,,,,,1853.5,864.5878906
1,44000,SQUID_INK,1852,27,,,,,1855,27,,,,,1853.5,860.8984375
1,44000,RAINFOREST_RESIN,10002,4,9998,10,9996,2,10004,2,10005,25,,,10003,724
1,44000,KELP,2034,27,,,,,2037,27,,,,,2035.5,216.9140625
1,44100,KELP,2034,24,,,,,2036,4,2037,24,,,2035,220.6445313
1,44100,SQUID_INK,1849,24,,,,,1851,4,1852,24,,,1850,822.8710938
1,44100,RAINFOREST_RESIN,9996,2,9995,22,,,10004,2,10005,22,,,10000,732
1,44200,SQUID_INK,1847,24,,,,,1850,24,,,,,1848.5,798.25
1,44200,RAINFOREST_RESIN,9995,24,,,,,10005,24,,,,,10000,732
1,44200,KELP,2034,24,,,,,2037,24,,,,,2035.5,226.5039063
1,44300,KELP,2034,26,,,,,2037,26,,,,,2035.5,222.3476563
1,44300,SQUID_INK,1850,26,,,,,1853,26,,,,,1851.5,835.5488281
1,44300,RAINFOREST_RESIN,9996,2,9995,24,,,9998,2,10004,2,10005,24,9997,732
1,44400,RAINFOREST_RESIN,9996,1,9995,25,,,10002,7,10004,1,10005,25,9999,736
1,44400,KELP,2034,27,,,,,2037,26,,,,,2035.5,219.609375
1,44400,SQUID_INK,1850,1,1849,26,,,1853,26,,,,,1851.5,831.125
1,44500,KELP,2034,30,,,,,2037,30,,,,,2035.5,220.4179688
1,44500,SQUID_INK,1849,30,,,,,1852,30,,,,,1850.5,826.7675781
1,44500,RAINFOREST_RESIN,9995,30,,,,,10005,30,,,,,10000,736
1,44600,SQUID_INK,1850,22,,,,,1853,22,,,,,1851.5,839.8671875
1,44600,RAINFOREST_RESIN,9996,1,9995,21,,,10004,1,10005,21,,,10000,736
1,44600,KELP,2034,22,,,,,2037,22,,,,,2035.5,218.4765625
1,44700,KELP,2034,27,,,,,2036,6,2037,27,,,2035,217.6445313
1,44700,SQUID_INK,1849,27,,,,,1851,6,1852,2,1853,25,1850,829.5742188
1,44700,RAINFOREST_RESIN,9996,2,9995,25,,,10004,2,10005,25,,,10000,736
1,44800,RAINFOREST_RESIN,9995,25,,,,,10005,25,,,,,10000,736
1,44800,KELP,2034,25,,,,,2036,3,2037,25,,,2035,218.1914063
1,44800,SQUID_INK,1849,25,,,,,1851,3,1852,25,,,1850,828.5117188
1,44900,KELP,2034,23,,,,,2037,23,,,,,2035.5,217.5664063
1,44900,SQUID_INK,1849,23,,,,,1852,23,,,,,1850.5,817.4257813
1,44900,RAINFOREST_RESIN,9996,2,9995,21,,,10004,2,10005,21,,,10000,736
1,45000,SQUID_INK,1847,27,,,,,1850,28,,,,,1848.5,787.9453125
1,45000,RAINFOREST_RESIN,9996,1,9995,27,,,10004,1,10005,27,,,10000,736
1,45000,KELP,2034,27,,,,,2037,28,,,,,2035.5,219.2226563
1,45100,KELP,2034,27,,,,,2037,27,,,,,2035.5,218.078125
1,45100,SQUID_INK,1848,27,,,,,1851,27,,,,,1849.5,807.203125
1,45100,RAINFOREST_RESIN,9995,27,,,,,9998,1,10005,27,,,9996.5,736
1,45200,RAINFOREST_RESIN,10002,1,9996,1,9995,20,10004,1,10005,20,,,10003,738
1,45200,KELP,2034,20,,,,,2037,21,,,,,2035.5,216.7304688
1,45200,SQUID_INK,1848,20,,,,,1851,21,,,,,1849.5,801.5859375
1,45300,SQUID_INK,1848,22,,,,,1851,23,,,,,1849.5,801.9921875
1,45300,KELP,2034,22,,,,,2037,23,,,,,2035.5,216.9882813
1,45300,RAINFOREST_RESIN,9995,23,,,,,10005,23,,,,,10000,740
1,45400,SQUID_INK,1846,25,,,,,1849,25,,,,,1847.5,764.078125
1,45400,RAINFOREST_RESIN,9998,4,9995,25,,,10005,25,,,,,10001.5,740
1,45400,KELP,2033,25,,,,,2037,25,,,,,2035,210.9492188
1,45500,SQUID_INK,1846,21,,,,,1847,3,1849,21,,,1846.5,767.6054688
1,45500,KELP,2033,20,,,,,2034,2,2037,21,,,2033.5,210.6640625
1,45500,RAINFOREST_RESIN,9996,1,9995,20,,,9998,3,10004,1,10005,20,9997,740
1,45600,RAINFOREST_RESIN,9996,1,9995,23,,,10004,1,10005,23,,,10000,746
1,45600,KELP,2034,1,2033,23,,,2035,6,2037,24,,,2034.5,213.5351563
1,45600,SQUID_INK,1847,24,,,,,1849,6,1850,24,,,1848,795.5390625
1,45700,SQUID_INK,1847,23,,,,,1850,23,,,,,1848.5,791.6875
1,45700,KELP,2034,2,2033,21,,,2037,23,,,,,2035.5,215.28125
1,45700,RAINFOREST_RESIN,10002,1,9996,2,9995,21,10004,2,10005,21,,,10003,746
1,45800,SQUID_INK,1848,5,1847,2,1846,30,1850,32,,,,,1849,779.3828125
1,45800,RAINFOREST_RESIN,10000,5,9998,7,9996,2,10004,2,10005,30,,,10002,748
1,45800,KELP,2035,5,2033,32,,,2037,32,,,,,2036,211.765625
1,45900,SQUID_INK,1847,25,,,,,1851,26,,,,,1849,794.9824219
1,45900,KELP,2033,25,,,,,2037,26,,,,,2035,209.1015625
1,45900,RAINFOREST_RESIN,9998,8,9996,1,9995,25,10004,1,10005,25,,,10001,748
1,46000,RAINFOREST_RESIN,9995,23,,,,,9998,1,10005,23,,,9996.5,748
1,46000,KELP,2033,23,,,,,2037,23,,,,,2035,209.484375
1,46000,SQUID_INK,1848,23,,,,,1851,23,,,,,1849.5,807.3066406
1,46100,SQUID_INK,1849,29,,,,,1852,25,,,,,1850.5,814.96875
1,46100,KELP,2034,4,2033,25,,,2037,25,,,,,2035.5,207.7890625
1,46100,RAINFOREST_RESIN,9995,25,,,,,10005,25,,,,,10000,794
1,46200,SQUID_INK,1849,28,,,,,1852,24,,,,,1850.5,814.4082031
1,46200,RAINFOREST_RESIN,9995,24,,,,,10005,24,,,,,10000,794
1,46200,KELP,2034,4,2033,24,,,2037,24,,,,,2035.5,206.265625
1,46300,SQUID_INK,1848,28,,,,,1851,28,,,,,1849.5,799.8632813
1,46300,RAINFOREST_RESIN,9996,2,9995,26,,,10004,2,10005,26,,,10000,794
1,46300,KELP,2033,28,,,,,2037,28,,,,,2035,206.2265625
1,46400,RAINFOREST_RESIN,9995,24,,,,,10005,24,,,,,10000,794
1,46400,KELP,2035,1,2033,24,,,2037,24,,,,,2036,204.53125
1,46400,SQUID_INK,1849,1,1847,24,,,1851,24,,,,,1850,793.3261719
1,46500,KELP,2035,2,2033,30,,,2036,1,2037,29,,,2035.5,204.2617188
1,46500,SQUID_INK,1847,2,1845,30,,,1848,30,,,,,1847.5,756.640625
1,46500,RAINFOREST_RESIN,9996,1,9995,29,,,9998,1,10004,1,10005,29,9997,794
1,46600,KELP,2035,1,2034,4,2033,28,2037,28,,,,,2036,205.2890625
1,46600,SQUID_INK,1848,1,1847,4,1846,28,1850,28,,,,,1849,776.0703125
1,46600,RAINFOREST_RESIN,9998,1,9995,28,,,10005,28,,,,,10001.5,796
1,46700,SQUID_INK,1844,30,,,,,1847,30,,,,,1845.5,738.9257813
1,46700,RAINFOREST_RESIN,9996,1,9995,29,,,10004,1,10005,29,,,10000,796
1,46700,KELP,2033,30,,,,,2036,30,,,,,2034.5,204.453125
1,46800,RAINFOREST_RESIN,9995,25,,,,,10005,25,,,,,10000,796
1,46800,KELP,2033,25,,,,,2036,25,,,,,2034.5,203.6523438
1,46800,SQUID_INK,1847,25,,,,,1850,25,,,,,1848.5,783.2578125
1,46900,KELP,2033,20,,,,,2036,30,,,,,2034.5,203.03125
1,46900,SQUID_INK,1846,30,,,,,1847,10,1850,30,,,1846.5,775.8046875
1,46900,RAINFOREST_RESIN,9996,1,9995,29,,,10002,3,10004,1,10005,29,9999,796
1,47000,KELP,2033,23,,,,,2036,1,2037,22,,,2034.5,205.0546875
1,47000,SQUID_INK,1843,23,,,,,1846,1,1847,22,,,1844.5,716.3945313
1,47000,RAINFOREST_RESIN,9996,1,9995,22,,,10004,1,10005,22,,,10000,796
1,47100,SQUID_INK,1843,22,,,,,1846,22,,,,,1844.5,701.2539063
1,47100,RAINFOREST_RESIN,9995,22,,,,,9998,1,10005,22,,,9996.5,796
1,47100,KELP,2033,22,,,,,2036,22,,,,,2034.5,201.5664063
1,47200,RAINFOREST_RESIN,9996,2,9995,21,,,10004,2,10005,21,,,10000,798
1,47200,KELP,2035,1,2033,23,,,2036,23,,,,,2035.5,202.3945313
1,47200,SQUID_INK,1848,1,1846,23,,,1849,23,,,,,1848.5,781.5546875
1,47300,KELP,2033,26,,,,,2036,21,,,,,2034.5,203.3085938
1,47300,SQUID_INK,1846,5,1845,21,,,1849,21,,,,,1847.5,763.4960938
1,47300,RAINFOREST_RESIN,9995,21,,,,,10005,21,,,,,10000,798
1,47400,KELP,2035,5,2033,22,,,2037,22,,,,,2036,204.84375
1,47400,SQUID_INK,1847,5,1845,22,,,1849,22,,,,,1848,763.4960938
1,47400,RAINFOREST_RESIN,9998,7,9995,22,,,10005,22,,,,,10001.5,798
1,47500,SQUID_INK,1846,22,,,,,1848,5,1849,22,,,1847,772.9335938
1,47500,RAINFOREST_RESIN,9996,1,9995,21,,,9998,1,10004,1,10005,21,9997,798
1,47500,KELP,2033,22,,,,,2035,5,2036,22,,,2034,205.3730469
1,47600,RAINFOREST_RESIN,9998,5,9995,21,,,10005,21,,,,,10001.5,800
1,47600,KELP,2033,21,,,,,2036,21,,,,,2034.5,205.8164063
1,47600,SQUID_INK,1846,21,,,,,1849,21,,,,,1847.5,762.125
1,47700,KELP,2033,23,,,,,2035,4,2036,23,,,2034,205.109375
1,47700,SQUID_INK,1845,23,,,,,1847,4,1849,23,,,1846,758.3828125
1,47700,RAINFOREST_RESIN,9998,1,9995,23,,,10005,23,,,,,10001.5,800
1,47800,KELP,2033,20,,,,,2035,7,2036,20,,,2034,212.0703125
1,47800,SQUID_INK,1845,20,,,,,1847,7,1848,20,,,1846,751.7578125
1,47800,RAINFOREST_RESIN,9995,20,,,,,10005,20,,,,,10000,800
1,47900,SQUID_INK,1845,23,,,,,1848,23,,,,,1846.5,764.1171875
1,47900,RAINFOREST_RESIN,9995,23,,,,,10005,23,,,,,10000,800
1,47900,KELP,2033,23,,,,,2036,23,,,,,2034.5,212.0703125
1,48000,RAINFOREST_RESIN,10002,2,9996,1,9995,26,10004,1,10005,26,,,10003,800
1,48000,KELP,2033,27,,,,,2036,27,,,,,2034.5,210.8554688
1,48000,SQUID_INK,1845,1,1844,26,,,1848,27,,,,,1846.5,735.140625
1,48100,KELP,2033,30,,,,,2035,1,2037,30,,,2034,216.6992188
1,48100,SQUID_INK,1844,30,,,,,1845,1,1847,30,,,1844.5,705.484375
1,48100,RAINFOREST_RESIN,9996,1,9995,29,,,10004,1,10005,29,,,10000,804
1,48200,KELP,2033,28,,,,,2036,27,,,,,2034.5,208.25
1,48200,SQUID_INK,1842,28,,,,,1845,27,,,,,1843.5,645.625
1,48200,RAINFOREST_RESIN,9996,1,9995,26,,,10004,1,10005,26,,,10000,804
1,48300,SQUID_INK,1839,17,,,,,1842,21,,,,,1840.5,519.078125
1,48300,RAINFOREST_RESIN,9998,4,9996,1,9995,20,10004,1,10005,20,,,10001,804
1,48300,KELP,2033,21,,,,,2034,4,2036,21,,,2033.5,209.5117188
1,48400,RAINFOREST_RESIN,9996,2,9995,30,,,10004,2,10005,30,,,10000,804
1,48400,KELP,2033,32,,,,,2035,6,2036,32,,,2034,211.6914063
1,48400,SQUID_INK,1838,32,,,,,1840,6,1841,32,,,1839,503.703125
1,48500,KELP,2033,29,,,,,2036,29,,,,,2034.5,209.9375
1,48500,RAINFOREST_RESIN,9995,29,,,,,10005,29,,,,,10000,804
1,48500,SQUID_INK,1838,29,,,,,1841,29,,,,,1839.5,487.984375
1,48600,KELP,2033,27,,,,,2036,27,,,,,2034.5,213.765625
1,48600,SQUID_INK,1839,1,1838,26,,,1842,27,,,,,1840.5,512.875
1,48600,RAINFOREST_RESIN,9996,1,9995,26,,,10004,1,10005,26,,,10000,804
1,48700,RAINFOREST_RESIN,9996,1,9995,22,,,10000,2,10004,1,10005,22,9998,804
1,48700,SQUID_INK,1840,23,,,,,1841,2,1843,23,,,1840.5,563.6484375
1,48700,KELP,2033,23,,,,,2034,2,2036,23,,,2033.5,210.8320313
1,48800,RAINFOREST_RESIN,9996,1,9995,28,,,10004,1,10005,28,,,10000,804
1,48800,KELP,2033,29,,,,,2036,29,,,,,2034.5,214.0742188
1,48800,SQUID_INK,1839,29,,,,,1842,29,,,,,1840.5,526.0703125
1,48900,KELP,2033,21,,,,,2036,22,,,,,2034.5,213.7695313
1,48900,RAINFOREST_RESIN,9995,22,,,,,10005,22,,,,,10000,804
1,48900,SQUID_INK,1839,22,,,,,1840,1,1843,22,,,1839.5,548.46875
1,49000,KELP,2033,29,,,,,2036,1,2037,28,,,2034.5,216.9765625
1,49000,SQUID_INK,1838,29,,,,,1841,29,,,,,1839.5,479.625
1,49000,RAINFOREST_RESIN,9996,1,9995,28,,,10004,1,10005,28,,,10000,804
1,49100,RAINFOREST_RESIN,9995,30,,,,,10005,30,,,,,10000,808
1,49100,SQUID_INK,1834,30,,,,,1837,30,,,,,1835.5,319.7421875
1,49100,KELP,2033,30,,,,,2037,30,,,,,2035,222.0117188
1,49200,RAINFOREST_RESIN,10002,3,9996,1,9995,25,10004,1,10005,25,,,10003,808
1,49200,KELP,2034,1,2033,25,,,2037,26,,,,,2035.5,226.78125
1,49200,SQUID_INK,1833,26,,,,,1836,26,,,,,1834.5,299.0703125
1,49300,KELP,2034,6,2033,29,,,2037,29,,,,,2035.5,228.234375
1,49300,RAINFOREST_RESIN,9998,3,9995,29,,,10005,29,,,,,10001.5,814
1,49300,SQUID_INK,1834,35,,,,,1837,29,,,,,1835.5,317.296875
1,49400,KELP,2034,23,,,,,2037,23,,,,,2035.5,229.703125
1,49400,SQUID_INK,1833,1,1832,22,,,1836,23,,,,,1834.5,270.390625
1,49400,RAINFOREST_RESIN,9996,1,9995,22,,,10004,1,10005,22,,,10000,814
1,49500,RAINFOREST_RESIN,9996,1,9995,24,,,10004,1,10005,24,,,10000,814
1,49500,SQUID_INK,1833,25,,,,,1836,25,,,,,1834.5,305.640625
1,49500,KELP,2034,25,,,,,2037,25,,,,,2035.5,234.3710938
1,49600,RAINFOREST_RESIN,9996,2,9995,28,,,10000,3,10002,9,10004,2,9998,814
1,49600,SQUID_INK,1831,30,,,,,1832,3,1834,30,,,1831.5,198.8203125
1,49600,KELP,2034,2,2033,28,,,2035,3,2037,30,,,2034.5,228.4765625
1,49700,KELP,2036,1,2034,27,,,2037,21,,,,,2036.5,231.1132813
1,49700,RAINFOREST_RESIN,9995,21,,,,,10005,21,,,,,10000,814
1,49700,SQUID_INK,1832,1,1830,27,,,1833,21,,,,,1832.5,170.5703125
1,49800,SQUID_INK,1832,19,,,,,1835,20,,,,,1833.5,253.109375
1,49800,KELP,2034,19,,,,,2037,20,,,,,2035.5,232.4140625
1,49800,RAINFOREST_RESIN,9995,20,,,,,10002,7,10005,20,,,9998.5,814
1,49900,RAINFOREST_RESIN,9996,1,9995,23,,,10004,1,10005,23,,,10000,814
1,49900,SQUID_INK,1833,5,1832,24,,,1835,24,,,,,1834,260.125
1,49900,KELP,2034,29,,,,,2037,24,,,,,2035.5,234.1875
1,50000,RAINFOREST_RESIN,9996,2,9995,24,,,10002,5,10004,2,10005,24,9999,814
1,50000,SQUID_INK,1830,26,,,,,1834,26,,,,,1832,192.15625
1,50000,KELP,2034,26,,,,,2037,26,,,,,2035.5,233.921875
1,50100,KELP,2034,24,,,,,2037,24,,,,,2035.5,232.578125
1,50100,RAINFOREST_RESIN,10002,4,9996,2,9995,22,10004,2,10005,22,,,10003,814
1,50100,SQUID_INK,1832,24,,,,,1835,24,,,,,1833.5,235.109375
1,50200,SQUID_INK,1832,29,,,,,1835,29,,,,,1833.5,237.46875
1,50200,KELP,2034,29,,,,,2037,29,,,,,2035.5,233.125
1,50200,RAINFOREST_RESIN,9996,1,9995,28,,,10004,1,10005,28,,,10000,862
1,50300,RAINFOREST_RESIN,9995,23,,,,,10005,23,,,,,10000,862
1,50300,SQUID_INK,1832,23,,,,,1833,4,1835,23,,,1832.5,234.34375
1,50300,KELP,2034,23,,,,,2036,4,2037,23,,,2035,234.1875
1,50400,RAINFOREST_RESIN,9996,2,9995,21,,,10004,2,10005,21,,,10000,862
1,50400,SQUID_INK,1831,22,,,,,1834,23,,,,,1832.5,210.6640625
1,50400,KELP,2034,22,,,,,2037,23,,,,,2035.5,233.34375
1,50500,KELP,2035,4,2034,28,,,2037,28,,,,,2036,234.7226563
1,50500,RAINFOREST_RESIN,10000,4,9998,7,9996,1,10004,1,10005,27,,,10002,862
1,50500,SQUID_INK,1832,4,1831,28,,,1834,28,,,,,1833,206.921875
1,50600,SQUID_INK,1831,24,,,,,1832,4,1834,24,,,1831.5,197.7109375
1,50600,KELP,2034,24,,,,,2035,4,2037,24,,,2034.5,235.0039063
1,50600,RAINFOREST_RESIN,9998,7,9996,2,9995,22,10000,5,10004,2,10005,22,9999,862
1,50700,RAINFOREST_RESIN,9998,9,9995,20,,,10005,20,,,,,10001.5,862
1,50700,SQUID_INK,1829,20,,,,,1833,20,,,,,1831,149.046875
1,50700,KELP,2034,20,,,,,2037,20,,,,,2035.5,239
1,50800,RAINFOREST_RESIN,9998,7,9996,2,9995,26,10004,2,10005,26,,,10001,862
1,50800,SQUID_INK,1830,28,,,,,1833,28,,,,,1831.5,168.734375
1,50800,KELP,2034,28,,,,,2037,28,,,,,2035.5,234.6367188
1,50900,KELP,2034,29,,,,,2035,5,2037,30,,,2034.5,233.9960938
1,50900,RAINFOREST_RESIN,9998,2,9995,30,,,10000,5,10005,30,,,9999,862
1,50900,SQUID_INK,1831,29,,,,,1832,5,1834,30,,,1831.5,192.5859375
1,51000,SQUID_INK,1831,2,1830,23,,,1834,25,,,,,1832.5,190.890625
1,51000,KELP,2034,25,,,,,2037,25,,,,,2035.5,235.5625
1,51000,RAINFOREST_RESIN,9996,2,9995,23,,,10004,2,10005,23,,,10000,862
1,51100,RAINFOREST_RESIN,9995,29,,,,,10002,1,10005,29,,,9998.5,862
1,51100,SQUID_INK,1831,32,,,,,1834,29,,,,,1832.5,200.5625
1,51100,KELP,2034,32,,,,,2037,29,,,,,2035.5,236.2890625
1,51200,RAINFOREST_RESIN,9995,30,,,,,10005,30,,,,,10000,862
1,51200,SQUID_INK,1831,30,,,,,1834,30,,,,,1832.5,215.9609375
1,51200,KELP,2034,30,,,,,2037,30,,,,,2035.5,238.1171875
1,51300,KELP,2034,25,,,,,2037,25,,,,,2035.5,238.875
1,51300,RAINFOREST_RESIN,9996,2,9995,23,,,9998,5,10002,5,10004,2,9997,862
1,51300,SQUID_INK,1830,25,,,,,1833,25,,,,,1831.5,165.015625
1,51400,SQUID_INK,1829,23,,,,,1831,5,1832,23,,,1830,143.7734375
1,51400,KELP,2034,23,,,,,2036,5,2037,23,,,2035,237.7890625
1,51400,RAINFOREST_RESIN,9996,1,9995,22,,,10004,1,10005,22,,,10000,872
1,51500,RAINFOREST_RESIN,9995,21,,,,,10005,21,,,,,10000,872
1,51500,SQUID_INK,1829,21,,,,,1832,21,,,,,1830.5,136.3554688
1,51500,KELP,2034,21,,,,,2037,21,,,,,2035.5,241.0351563
1,51600,RAINFOREST_RESIN,9996,2,9995,21,,,10002,5,10004,2,10005,21,9999,880
1,51600,SQUID_INK,1829,3,1828,23,,,1831,23,,,,,1830,97.9765625
1,51600,KELP,2036,3,2034,23,,,2037,23,,,,,2036.5,246.375
1,51700,KELP,2034,32,,,,,2037,32,,,,,2035.5,247.8398438
1,51700,RAINFOREST_RESIN,9996,2,9995,30,,,10004,2,10005,30,,,10000,880
1,51700,SQUID_INK,1828,2,1827,30,,,1831,32,,,,,1829.5,92.82421875
1,51800,SQUID_INK,1828,25,,,,,1831,25,,,,,1829.5,112.671875
1,51800,KELP,2034,25,,,,,2037,25,,,,,2035.5,248.09375
1,51800,RAINFOREST_RESIN,9995,25,,,,,10005,25,,,,,10000,880
1,51900,RAINFOREST_RESIN,9996,2,9995,26,,,10004,2,10005,26,,,10000,880
1,51900,SQUID_INK,1828,28,,,,,1831,28,,,,,1829.5,113.75
